2139 3022
779 215 1102 257 PHOCAENAE.
1665 223 1716 265 27

255 317 389 357 XXIV.
417 318 533 367 Caput
547 315 682 356 deiude
697 319 971 364 examinantes,
1016 316 1055 353 in
1080 314 1246 353 Meatmn
1267 314 1513 353 'Auditorimn
1528 311 1716 363 inqvilivi-

155 381 261 416 mus,
288 381 399 417 qvem
420 368 535 406 multa
553 366 717 406 adhibita
736 367 928 416 diligentia
950 365 1104 404 taudem
1129 364 1352 414 detegimus.
1404 367 1472 403 Per
1493 365 1642 416 adipem
1666 364 1715 403 ad

158 417 397 468 Osperrosi1111
417 418 564 466 abiens,
593 417 732 456 multos
751 420 789 455 in
813 419 944 455 itinere
966 416 1061 467 parit
1076 413 1283 464 ansracius,
1317 425 1357 452 ut
1380 413 1509 464 facile,
1543 415 1608 454 nifi
1625 414 1716 453 adfit

154 470 335 516 attentio,
362 468 527 506 dissecari
548 466 669 518 poffit.
724 469 780 506 Est
800 466 999 512 longitudo
1025 466 1104 512 ejus
1132 477 1166 503 2.
1191 462 1269 502 fere
1291 463 1495 514 pollicum,
1537 465 1714 504 craffities

154 519 326 557 culmum
348 530 482 567 aeqvar,
508 529 619 566 qvem
643 515 746 556 simul
766 531 854 556 cum
865 510 962 555 *Osse
981 514 1132 566 petroli)
1149 515 1395 553 exsecuimus.
1463 516 1579 553 Hunc
1628 539 1646 546 -
1698 537 1716 546 -

154 567 263 657 Klgn
283 580 353 606 aere
366 567 484 606 incidi
499 569 662 616 curavit,
691 569 796 616 cujus
819 567 1040 606 ulteriorem
1063 564 1357 616 descriptionem
1380 563 1426 604 ab
1448 564 1616 603 Auciore
1647 577 1714 604 ex-

155 631 203 669 pe
243 629 359 657 amus.

253 669 371 705 XXV.
396 664 554 704 Exsedio
573 665 649 716 Oſje
663 665 822 715 permisti,
849 678 1013 715 novum,
1040 676 1150 712 ecce,
1187 662 1291 702 fimul
1316 664 1623 711 jucundiffimum
1646 677 1717 706 no-

153 717 211 756 bis
226 715 454 763 ,offerebatur
474 715 743 766 Speciaculum.
796 717 964 765 Cavzias,
992 718 1029 754 in
1048 727 1116 763 qva
1139 727 1183 752 os
1209 713 1363 752 latuerat
1383 716 1594 764 petrosum,
1636 717 1716 757 cin-

155 767 212 806 dia
230 766 352 806 adhue
372 767 437 804 l'uo
455 767 655 817 periostio,
704 767 836 804 circum
865 768 963 805 circa
989 765 1116 815 olfiffa
1143 775 1226 802 erat
1260 763 1472 802 Vermiculis
1492 767 1716 807 innumeris,-

156 817 282 856 Oculo
299 828 444 856 armato
465 818 703 854 minutorum
732 816 1007 856 lumbricorum
1031 816 1193 867 speciem
1221 813 1451 859 referebantf,
1492 816 1716 856 affervantut

155 880 290 906 omnes
309 869 347 905 in
365 869 425 917 Sp.
441 869 485 904 V.
504 867 540 906 δι
557 867 680 917 figurat
697 879 832 906 eorum
849 880 917 905 aere
934 879 1084 916 qvoqve
1106 866 1237 904 incisae.

258 921 317 956 An
333 920 452 955 Status
469 916 533 955 hie
552 917 757 966 Naturalis,
781 930 826 957 an
846 915 1176 968 praeternaturalis?
1203 913 1466 964 halitavimus,
1492 915 1586 954 nihil
1613 927 1717 954 mor-

155 966 233 1006 bosi
249 969 388 1006 totoin
407 967 505 1018 pisce
527 967 834 1018 conspiciebatur.
909 969 1056 1005 Vil'cera
1084 965 1283 1014 sanissima,
1332 968 1481 1003 Meatus
1510 966 1718 1004 auditorius

154 1019 363 1056 admodum
384 1030 538 1068 parvus,
564 1019 682 1055 vil'um
699 1015 858 1068 fugiens.
919 1017 1025 1057 Nihil
1051 1015 1166 1066 erofi,
1201 1028 1264 1054 aut
1292 1014 1482 1054 dilacerati
1511 1015 1718 1056 videbatur.

156 1068 257 1108 Usus
282 1066 593 1106 animalculorum
606 1067 728 1106 adhuc
747 1068 893 1107 dubius.

256 1122 317 1157 An
332 1117 421 1167 lint,
447 1117 493 1156 ad
510 1130 664 1156 mucum
681 1121 848 1168 aurium,
875 1116 1077 1165 fimiliaqve
1097 1114 1372 1166 consumenda,
1408 1115 1506 1157 nati?

257 1171 318 1207 An
335 1168 381 1207 ad
401 1180 543 1218 gratam
562 1167 818 1208 titillationem
840 1169 964 1207 nervis
982 1165 1292 1218 impingendam?

257 1221 393 1257 XXVI.
422 1217 573 1257 Ultimo
592 1218 783 1257 Cerebrum
801 1220 837 1258 δι
860 1214 1261 1266 Medullumspinalem‚
1306 1214 1447 1253 serrato
1471 1216 1613 1266 capite,
1646 1214 1719 1256 dif-

157 1267 355 1318 fraciisqve
372 1268 573 1318 vertebris,
599 1270 784 1309 XXXVI.
798 1270 908 1319 paria
928 1280 1117 1306 nervorum
1120 1266 1355 1317 spargentem
1372 1267 1595 1304 invenimus.
1623 1269 1720 1305 Ner-

160 1321 196 1356 vi
213 1319 259 1357 ad
284 1318 437 1368 oculos,
464 1331 569 1357 aures
590 1317 670 1357 imo
693 1323 809 1359 Nares
828 1320 986 1371 reperti,
1013 1330 1176 1367 qvorum
1200 1317 1354 1355 ultimus
1375 1315 1441 1354 sub
1456 1315 1533 1354 offe
1552 1317 1719 1367 petroso,

158 1368 424 1418 aliqvantulum
443 1369 655 1408 incurvatus
668 1401 678 1417 ,
705 1369 798 1409 infra
817 1368 1070 1408 Fontenellam
1088 1380 1152 1418 per
1171 1366 1342 1405 foramen
1362 1365 1470 1405 ovale
1484 1379 1590 1405 nares
1610 1369 1720 1418 petit,

159 1421 198 1458 in
215 1421 348 1458 itinere
365 1415 455 1456 vero
474 1420 511 1457 in
533 1432 690 1468 qvatuor
709 1419 765 1458 vel
784 1422 947 1470 qvinqve
968 1417 1185 1469 dispescitur
1206 1415 1392 1465 ramulos,
1433 1416 1574 1455 horum
1596 1430 1721 1455 ramu-

159 1470 285 1509 lorum
304 1469 381 1507 duo
400 1470 511 1508 rostra
531 1471 677 1520 apicem
693 1470 884 1519 ambiunt,
915 1471 1036 1508 caeteri
1050 1470 1142 1506 vero
1170 1467 1319 1506 naribus
1335 1466 1560 1517 largiuntur,
1593 1467 1658 1506 ubi
1679 1470 1719 1508 in

157 1519 384 1573 pingvcdine
400 1518 495 1568 qvafi
515 1532 592 1557 rete
609 1520 799 1569 qvoddam
818 1520 1018 1558 nervosum
1035 1519 1276 1557 constituunt.

257 1569 467 1617 Sufficiant,
495 1583 571 1619 qvae
589 1569 659 1609 hac
678 1573 760 1610 vice
779 1571 955 1610 Aliorum
974 1570 1094 1608 labori
1117 1569 1254 1607 addere
1273 1567 1486 1606 censuimus
1499 1598 1510 1616 ,
1535 1567 1656 1607 modo
1672 1582 1718 1607 ae-

158 1622 242 1670 qvi,
269 1620 434 1668 boniqve
452 1619 700 1658 conlulantur.

169 1715 172 1717 ¹
258 1673 406 1708 XXVII.
436 1672 507 1707 Die
525 1672 604 1707 XV.
624 1671 716 1718 Maji
734 1667 825 1708 alius
845 1669 955 1707 nobis
982 1666 1129 1707 oblatus
1154 1667 1205 1707 est
1230 1667 1531 1708 PHOCAENA
1572 1669 1715 1718 MAS,

159 1721 222 1771 qui
240 1723 352 1758 eriam
369 1719 540 1757 Cultrum
562 1720 679 1771 paffus
698 1720 748 1759 est
767 1720 1047 1757 Anatomicum.

256 1770 373 1825 Qod
393 1771 437 1808 ad
456 1783 606 1809 externa
626 1773 775 1819 attinet,
804 1771 896 1808 rima
918 1769 1025 1807 instar
1042 1766 1166 1805 Vulvae
1185 1766 1280 1804 duos
1308 1765 1464 1817 pollices
1489 1764 1555 1806 sub
1575 1766 1716 1807 Umbi-

158 1822 233 1862 lico
254 1820 574 1871 conspiciebatur,
600 1834 675 1859 erar
695 1820 753 1858 illa
778 1821 937 1868 Vagitm,
966 1821 1003 1856 in
1022 1830 1091 1866 qva
1111 1817 1244 1855 latebat
1266 1818 1383 1855 Penis.

256 1873 421 1909 XXVIII.
448 1871 568 1908 Incilo
586 1872 802 1910 Abdominc
823 1872 950 1922 Hepar
969 1869 1264 1908 examinavimus
1291 1867 1327 1906 ὅ(
1354 1866 1523 1906 Βυέὶυηι
1549 1866 1718 1906 nostrum

156 1922 263 1975 supra
284 1921 427 1959 dicium
443 1923 580 1959 iterum
603 1923 825 1960 invenimus.

255 1973 390 2011 XXIX.
418 1971 626 2011 Plurimum
653 1969 745 2011 vero
772 1969 967 2020 .temporis
993 1968 1270 2017 investigationi
1298 1965 1554 2019 impendimus
1580 1967 1721 2006 Dubius

164 2022 361 2062 Thoracici.
1766 2019 1768 2021 ’

258 2075 365 2110 Latet
387 2071 451 2110 iste
475 2073 512 2108 in
536 2072 691 2120 regione
721 2068 853 2108 finiflra
870 2100 880 2118 ,
918 2066 1059 2106 finistm
1084 2065 1148 2106 sub
1174 2079 1284 2115 rene,
1322 2066 1388 2105 ubi
1411 2065 1589 2116 {glandulae
1611 2067 1715 2114 juxta

157 2126 317 2161 Aortam
335 2121 600 2160 descendentes
618 2121 824 2171 conspicuae
842 2121 943 2162 Iunt3
970 2117 1029 2155 his
1045 2119 1083 2156 in
1100 2116 1284 2167 glandulis
1301 2118 1461 2155 nal'cit'ur
1476 2116 1621 2155 Ducius
1642 2117 1714 2155 hu-

157 2175 211 2222 jus
229 2174 372 2222 Origo,
399 2172 432 2210 ὅ(
452 2171 516 2210 sub
534 2175 692 2209 Aortam
710 2172 850 2221 l'emper
868 2167 1031 2207 al'cendit
1059 2180 1173 2216 usqve
1195 2167 1240 2205 ad
1260 2166 1413 2205 Collum
1431 2166 1607 2216 tendens,
1634 2167 1718 2214 ubi,

156 2226 195 2262 ni
217 2222 397 2270 fallimur,
424 2224 532 2260 Venae
549 2221 720 2258 inseritur
737 2221 927 2259 l'ubelaviae
953 2228 1048 2255 (erat
1074 2230 1165 2257 vena
1193 2217 1374 2267 subclavia
1399 2220 1580 2256 maturius
1606 2217 1714 2256 diffe-

157 2273 246 2321 csta).
299 2271 518 2311 Notandum
545 2273 716 2321 inprimis
749 2271 921 2309 comitari
955 2268 1121 2306 Durium
1154 2267 1415 2317 Thoracicum
1439 2280 1501 2306 vas
1524 2267 1715 2316 qvoddam

158 2322 333 2361 Serosum
347 2321 384 2360 ὅ(
404 2322 508 2372 supra
528 2320 682 2359 duc’tum
699 2319 794 2370 qvafi
810 2318 991 2358 Iecundus
1009 2320 1174 2356 excurrit
1191 2330 1325 2356 ramus.
1379 2320 1435 2356 Ne
1446 2317 1509 2356 hic
1519 2330 1589 2369 pro
1600 2318 1715 2357 dudiu

159 2375 378 2413 Thoracico
397 2372 574 2421 sumatur,
591 2371 819 2416 cavendum3
830 2368 1070 2457 progregitur
1089 2369 1268 2420 istei'upra
1284 2370 1435 2407 arterias
1452 2368 1713 2459 int}g§(;liales.

682 2428 683 2431 ’
931 2428 933 2430 “
1025 2430 1046 2458 2
1601 2422 1623 2455 '.
1676 2432 1717 2458 a-
