2139 3022
346 220 374 259 4
951 201 1026 239 DE
1053 200 1306 243 AUDITU

349 291 528 345 sentesnriae
549 296 748 356 differunt3
773 309 909 357 negant
925 298 1006 350 alii,
1033 299 1095 339 alii
1119 299 1326 347 affirmans
1370 300 1524 351 qvidam
1546 302 1728 355 ancipites
1752 305 1907 358 prov-in.

350 359 440 396 dan
456 347 679 401 explanandi
699 348 964 402 depoluerunt.

1708 404 1729 415 μ

1062 448 1092 499 §.
1119 449 1164 485 v.

440 510 541 548 Inter
560 508 819 547 affirmativam
839 508 876 547 ὅτ
894 509 1104 559 negativam
1124 505 1354 546 versantibus
1374 506 1486 546 nobis
1503 507 1650 561 semper
1674 509 1814 561 placuit
1838 511 1909 553 Af-

344 560 547 608 firmativa,
572 561 719 598 animus
737 570 863 597 tamen
882 571 960 597 non
982 558 1052 607 est,
1090 571 1177 596 cum
1195 557 1278 607 his,
1300 559 1364 607 qvi
1382 557 1484 596 hunc
1499 560 1644 598 sensum
1662 562 1823 612 piscibus
1843 564 1910 602 de-

342 622 495 660 negant,
528 610 664 648 serram
680 609 1018 649 controverfiarum
1033 608 1205 653 trahere3
1222 620 1299 646 non
1314 610 1417 647 enim
1433 608 1593 659 gloriam
1613 613 1747 661 nobis,
1772 613 1834 651 sed
1846 612 1912 652 ve-

345 664 491 699 ritatem
508 662 634 698 venari
652 659 790 710 volupe
809 661 881 709 est,
907 673 1005 710 φιτ,
1032 658 1055 698 fi
1073 671 1150 697 non
1175 659 1256 698 luce
1275 658 1412 698 clarior
1428 672 1522 698 mox
1540 673 1712 712 apparet,
1740 664 1913 705 inanibus

343 712 569 762 opinionum
590 709 735 749 nebulis
753 711 953 761 impedita,
983 711 1111 760 fiaepius
1133 709 1300 760 neglecta
1316 722 1465 759 manet,
1490 709 1526 749 Gt
1542 712 1833 752 ostentationem
1855 715 1911 753 as-

341 760 580 810 ientandiqve
596 760 909 801 consvetudinem
934 758 1155 813 pervincere
1181 762 1332 810 neqvit3
1358 760 1473 798 multa
1503 763 1605 800 enim
1630 764 1909 813 cognosceren-

341 824 424 861 tur,
464 824 542 860 qvae
565 810 721 849 naturali
750 812 909 849 scientiae
938 810 1112 863 cal'igeuti
1138 809 1264 851 lucem
1291 810 1454 858 aliqvam
1476 808 1701 848 foenerarcnt
1718 840 1733 860 ,
1780 813 1806 851 fi
1830 827 1912 850 non

340 862 467 901 onmia
484 862 560 909 jam
583 860 867 913 deprehendisse
888 861 1140 901 crederemus.

1049 961 1080 1013 §.
1136 960 1204 998 vr.

441 1018 669 1059 Evolvamus
691 1019 728 1058 in
746 1018 876 1058 limine
892 1019 1021 1071 opellae
1040 1022 1138 1072 ipsos
1156 1030 1327 1066 autores,
1365 1016 1401 1056 <St
1420 1016 1613 1060 audiamus
1634 1017 1830 1068 loqventes
1857 1017 1907 1059 de

338 1071 470 1111 auditu
486 1070 644 1121 piscium
661 1070 998 1121 Cartilagineorum
1017 1072 1053 1110 ἃ
1071 1070 1316 1122 Spinolbrum
1330 1098 1342 1116 ,
1378 1080 1417 1107 ut
1435 1080 1607 1120 appareat
1621 1099 1632 1114 ,
1656 1070 1745 1119 qvid
1764 1069 1808 1108 ab
1831 1069 1905 1109 illis

340 1121 383 1161 fit
405 1123 623 1173 praestitum,
658 1119 791 1170 qvibus
811 1121 1033 1160 testimoniis
1047 1152 1058 1170 ,
1097 1120 1367 1173 experimentis
1388 1120 1424 1157 ἃ
1443 1118 1650 1158 rationibus
1675 1120 1733 1159 vel
1757 1132 1829 1172 pro
1849 1120 1904 1160 af-

341 1172 546 1219 firmativa,
582 1169 641 1208 vel
666 1183 736 1222 pro
766 1173 954 1221 negativa,
991 1171 1039 1210 uli
1065 1171 1142 1211 fint.
1224 1173 1284 1209 Sic
1304 1171 1446 1207 nemini
1470 1171 1610 1208 erimus
1628 1169 1796 1220 molesti,
1831 1183 1904 1213 nec

339 1221 595 1261 fraudabimus
613 1223 744 1259 merita
760 1221 868 1260 laude
886 1224 998 1260 Viros
1023 1222 1327 1268 consummatos,
1354 1222 1418 1269 qvi
1442 1222 1479 1258 in
1505 1219 1576 1259 hac
1598 1232 1705 1259 arena
1721 1232 1808 1259 ante
1831 1233 1904 1260 nos

340 1271 586 1314 desudarunt3
618 1270 674 1309 llli
696 1269 807 1321 vero,
834 1274 896 1321 qvi
918 1272 1136 1324 praepostere
1155 1271 1385 1318 exclament,
1426 1272 1585 1308 inaniter
1610 1270 1833 1310 collocatam
1858 1284 1904 1311 o-

339 1335 466 1374 peram
477 1322 638 1360 nostram
650 1352 660 1371 ‚
686 1319 785 1360 forte
802 1322 1041 1362 lucrabuntur
1056 1322 1212 1372 gradus,
1238 1321 1372 1371 qvibus
1391 1320 1437 1358 ad
1455 1322 1582 1370 operis
1598 1320 1710 1370 hujus
1724 1323 1850 1360 trunci
1865 1322 1904 1361 ὅ(

337 1371 483 1420 mutili,
515 1372 618 1421 qvod
633 1371 812 1420 credunt,
839 1372 1115 1413 absolutionem
1136 1371 1199 1424 ipfi
1214 1371 1410 1423 pervenire
1424 1371 1583 1421 poffint3
1616 1369 1693 1410 hoc
1713 1370 1738 1411 fi
1762 1372 1906 1423 praesta-

339 1422 455 1511 burlrt‚
480 1434 697 1473 pergratum
711 1422 822 1462 nobis
840 1425 935 1473 erit,
988 1435 1120 1476 utpote
1138 1425 1175 1463 in
1198 1421 1389 1476 publicam
1409 1420 1515 1461 orbis
1537 1420 1675 1461 literati
1691 1420 1906 1462 redundans

337 1484 392 1512 uti
409 1484 549 1513 itatem.

1066 1573 1096 1624 ς.
1123 1572 1202 1610 vn.

442 1632 543 1671 Inter
558 1631 748 1682 Principes
765 1629 1042 1671 Celeberrimus
1058 1634 1174 1681 Rajus
1191 1629 1271 1671 Lib.
1288 1630 1315 1668 Ι.
1332 1642 1445 1680 qvem
1461 1630 1599 1678 adjecit
1623 1630 1669 1669 ad
1695 1631 1905 1671 Historiam

336 1681 501 1722 Piscium
528 1680 760 1732 Willughbeji
774 1692 904 1732 pag.3.
934 1682 1076 1722 scribit:
1278 1681 1425 1729 „Pisces
1445 1693 1599 1729 omnes,
1634 1694 1764 1732 praeter
1793 1685 1905 1722 Ceta-

338 1746 455 1783 „ceos
473 1734 509 1772 &
530 1732 630 1771 forte
646 1734 759 1771 etiam
775 1734 1058 1783 cartilagineos,
1084 1730 1259 1771 auriculis
1285 1733 1449 1769 externis
1479 1732 1515 1771 ἃ
1545 1731 1730 1771 meatibus
1754 1733 1905 1773 audito-

338 1785 431 1832 „riis
449 1795 596 1832 carere,
613 1782 712 1822 unde
728 1795 806 1821 non
823 1783 943 1822 solum
959 1786 1074 1833 muti,
1093 1784 1152 1821 sed
1168 1784 1281 1821 etiam
1299 1780 1399 1820 surdi
1415 1781 1486 1820 effe
1503 1780 1732 1832 videantur„
1807 1796 1904 1822 mox

337 1845 463 1874 autem
485 1833 609 1872 addit:
812 1835 885 1881 „Se
903 1834 1263 1879 demonstraturum,
1289 1832 1408 1882 pisces
1426 1844 1559 1871 omnes
1579 1833 1728 1882 audire,
1768 1846 1900 1884 qvam-

336 1886 443 1933 ,‚vis,
468 1896 544 1933 qvo
558 1894 703 1933 organo
720 1883 892 1932 audiant,
924 1885 1095 1924 nondum
1110 1883 1149 1923 iit
1167 1894 1446 1933 compertum„
1542 1892 1625 1932 pag.
1643 1885 1675 1920 ὅ.
1694 1883 1805 1922 verba
1819 1886 1900 1932 ejus

335 1936 419 1973 sunt
433 1933 640 1984 seqventia:
819 1935 945 1982 „Cum
965 1947 1090 1975 autem
1112 1935 1230 1986 pisces
1255 1934 1378 1971 nervis
1396 1932 1593 1972 auditoriis
1621 1946 1788 1983 careant,
1831 1947 1899 1973 eos

335 1986 477 2034 „etiam
496 1984 625 2023 auditu
641 1982 789 2022 destitui
808 1983 1006 2024 verifimile
1023 1987 1119 2035 est„
1219 1983 1254 2022 ἃ
1268 1993 1352 2033 pag.
1371 1993 1403 2031 7.
1552 1984 1663 2036 „Qu
1688 1996 1781 2034 ergo
1797 1997 1902 2035 parte

334 2035 513 2084 „audiant
538 2033 584 2081 (fi
603 2045 727 2072 tamen
754 2036 914 2073 omnino
933 2035 1105 2086 audiant)
1149 2033 1259 2072 nobis
1280 2045 1382 2072 certe
1407 2031 1576 2071 nondum
1602 2036 1710 2084 plane
1737 2036 1899 2086 conflat,

334 2085 465 2135 „qvod
483 2097 574 2123 vero
592 2084 709 2135 pisces
726 2083 903 2123 Obtufius
920 2085 1090 2137 audiant,
1116 2096 1228 2135 qvam
1247 2082 1417 2122 animalia
1441 2084 1523 2133 illa,
1558 2096 1635 2133 qvae
1664 2085 1701 2122 in
1724 2088 1808 2123 aere
1838 2099 1897 2123 re-

333 2137 517 2186 „1pirant‚
543 2133 702 2172 libenter
718 2134 1003 2185 concesserim„
1169 2134 1205 2172 &
1226 2133 1338 2185 paulo
1351 2132 1450 2184 post:
1565 2135 1690 2182 „Cum
1710 2137 1827 2185 pisces
1838 2136 1897 2174 di-

332 2184 519 2236 „l'ciplinae
535 2196 687 2235 capaces
703 2196 780 2221 non
800 2185 896 2234 sunt,
936 2185 997 2235 (b)
1048 2184 1138 2224 hinc
1156 2185 1258 2223 sensu
1279 2183 1368 2222 disci
1400 2182 1478 2221 linat
1497 2183 1519 2221 i.
1542 2195 1573 2220 e.
1595 2184 1736 2223 Auditu
1762 2185 1898 2225 admo-

334 2235 454 2285 „dum
469 2232 693 2285 imperfec‘io
711 2234 871 2273 donatos
889 2235 1000 2286 effe„
1205 2232 1362 2283 Willugh
1387 2235 1463 2278 <jus
1481 2234 1517 2270 in
1535 2233 1695 2283 piscibus
1710 2235 1895 2287 cartilagi-

334 2287 414 2327 neis
427 2295 511 2335 pag.
528 2296 589 2335 45.
612 2283 846 2322 observavit.-
1072 2286 1295 2334 „Foramina
1322 2285 1425 2322 lecus
1450 2282 1603 2322 oculum
1628 2296 1827 2335 utrumqve
1853 2289 1892 2327 in

332 2348 403 2386 „os
421 2345 612 2387 apertum,
637 2334 743 2380 cujus
761 2334 867 2372 usum
886 2333 957 2373 esse
975 2344 1099 2385 putat,
1126 2338 1262 2386 partim
1279 2334 1324 2375 ad
1342 2345 1473 2382 aqvam
1491 2335 1530 2371 in
1547 2346 1591 2371 os
1609 2335 1890 2386 excipiendam,

329 2398 470 2437 „qvam
484 2397 552 2437 per
568 2383 763 2424 branchias
777 2386 917 2424 iterum
932 2384 1118 2436 expellant
1128 2415 1139 2435 ‚
1165 2389 1303 2437 partim
1319 2385 1366 2424 ad
1381 2385 1495 2426 sonos
1513 2383 1769 2426 admittendos
1781 2400 1891 2477 ,dau-

1760 2466 1787 2487 ‚‚
1816 2448 1890 2478 itus
