2139 3022
444 238 512 267 ιω
1012 221 1095 264 ‘aaz
1198 221 1241 270 >ez
1344 197 1447 262 aa}

440 327 607 377 balaenas,
622 325 700 376 ubi,
715 326 839 364 minus
852 324 939 363 licet
952 323 1120 372 fidenter,
1137 322 1255 362 addit:
1284 331 1464 375 „apparet
1480 323 1600 371 itaque
1618 321 1693 360 hoc
1709 329 1825 372 genus
1843 321 2000 374 piscium

441 383 642 432 „ignorare
661 377 721 416 sua
740 375 849 428 ipfius
866 388 976 424 arma,
997 376 1131 424 quibus
1147 374 1182 412 se
1199 373 1368 412 adversus
1382 372 1555 412 balaenani
1573 371 1732 422 aliasque
1751 375 1858 412 maris
1877 373 2001 411 beluas

440 431 568 483 „tueri
586 427 754 481 posset„
806 429 843 465 Si
858 440 947 465 vero
964 426 1115 464 balaenas
1131 424 1378 473 exhorrescit,
1406 424 1488 462 stine
1504 436 1613 461 naves
1633 421 1908 473 reformidabit,
1932 426 2002 462 mi-

438 495 522 521 rum
548 489 715 532 praeterea
738 477 840 516 audit
857 477 892 516 ὅ(
912 476 1002 526 quid
1020 473 1372 524 contraditiorium,
1395 474 1497 523 quod
1516 472 1707 512 AElianus:
1743 477 1890 512 Durum
1908 474 2002 513 adeo

439 543 546 582 atque
563 527 737 577 robustum
755 538 1017 567 mueronatum
1036 527 1192 566 viventis
1210 524 1337 564 Gladii
1354 526 1511 563 rostrum
1528 528 1604 563 NB.
1622 524 1746 575 gladio
1763 523 1930 563 extinsto
1948 525 2003 563 in-

440 583 597 623 validum
607 581 641 620 ἃ
652 582 689 618 in
700 579 877 626 efficacius
886 578 1001 616 reddi.
1055 581 1141 616 Huc
1152 575 1353 624 referenda,
1369 589 1446 625 quae
1458 576 1504 614 de
1514 575 1618 614 valde
1627 574 1829 627 periculosa
1841 576 2002 614 venatio-

439 647 482 674 ne
500 634 535 672 ἃ
553 633 599 671 de
615 642 768 681 captura
779 630 904 669 Gladii
915 627 1048 668 Strabo
1059 626 1180 676 refert,
1197 626 1273 665 telo
1291 626 1428 664 scilicet
1445 626 1594 665 hamato
1613 626 1893 678 (Harpun)quo
1911 629 2002 664 Nar-

440 683 572 724 whales
589 683 625 721 <Sc
641 682 706 721 alia
723 684 816 722 Cete
834 679 934 719 feriri
952 679 1091 725 lolent3
1119 679 1239 718 rursus
1255 677 1408 728 Xiphias
1424 677 1559 715 dicitur
1573 676 1690 716 hamis
1705 679 1799 728 capi,
1816 677 2004 728 postremo

440 735 477 775 ἃ
496 733 656 783 retibus,
700 743 741 771 ut
773 731 851 771 vult
887 732 1080 781 Oppianus.
1148 733 1188 768 In
1212 729 1320 768 ostio
1353 726 1606 776 Gedanenstum
1641 730 1767 777 utique
1797 729 2003 779 capiuntur,

441 799 520 825 non
537 785 691 835 quidem
708 783 783 822 telo
800 782 950 821 hamato
966 795 1034 820 nee
1053 781 1172 819 hamis
1194 778 1357 830 Xz'ph'iae,
1386 779 1502 830 pisces
1520 779 1566 816 ad
1583 780 1770 817 summum
1790 778 1922 817 decem
1942 792 2005 830 pe-

442 837 507 876 des
524 845 704 885 aequantes
721 834 827 884 (licet
843 831 1094 872 Aldrovandus
1102 844 1215 882 nugas
1229 832 1356 881 nugari
1373 843 1438 868 eos
1458 829 1658 880 perhibeat,
1675 832 1738 879 qui
1753 831 1778 868 6
1792 829 1906 881 pedes
1923 828 2005 867 lon-

442 900 511 939 gos
529 885 759 935 describunt)
775 884 837 923 sed
852 883 989 922 retibus
1004 886 1092 922 citra
1107 884 1242 920 retium
1257 880 1431 933 pericula,
1449 880 1582 929 quibus
1597 882 1809 918 irretiuntur
1826 881 2005 930 acipense-

441 951 502 978 res
520 938 645 988 saepius
664 936 868 974 duodecim
887 934 1000 986 pedes
1018 934 1224 985 superantes
1241 946 1252 976 3
1286 931 1323 970 &
1339 932 1430 980 quid
1453 930 1617 969 mirum?
1659 929 1684 968 fi
1703 931 1860 968 dixerim
1879 944 1897 969 a
1916 943 2005 969 vero

442 989 604 1028 alienum
631 986 766 1036 „quod
791 998 1061 1034 nonnunquam
1083 983 1208 1035 gladio
1225 983 1291 1021 suo
1310 981 1415 1020 belua
1432 984 1470 1019 in
1491 994 1622 1020 navem
1640 979 1740 1019 fadto
1761 983 1901 1032 impetu
1924 994 2007 1019 eam

439 1037 626 1092 perforet,
649 1038 710 1076 sed
727 1050 804 1075 non
821 1034 894 1074 fine
915 1037 1067 1087 proprio
1084 1036 1164 1073 vitae
1183 1034 1322 1072 damno
1338 1047 1349 1078 3
1386 1032 1582 1084 piscatores
1600 1044 1759 1080 namque
1775 1031 1889 1070 securi
1910 1029 2005 1069 illico

444 1088 618 1129 maxillas
634 1090 711 1135 ejus
728 1087 981 1136 confringere,
1003 1087 1158 1135 navique
1175 1084 1280 1123 clavo
1296 1083 1420 1133 aliquo
1437 1083 1603 1121 obturata
1620 1082 1759 1121 viribus
1779 1083 1851 1130 jam
1868 1082 2008 1121 exhau-

442 1141 539 1180 stum
559 1154 579 1178 e
596 1141 687 1178 mari
704 1138 904 1177 extrahere.
916 1168 939 1187 „
995 1136 1138 1186 Qidni
1155 1148 1244 1185 ergo
1261 1136 1300 1172 in
1316 1134 1472 1173 dubium
1483 1132 1680 1183 vocassem,
1696 1142 1736 1172 ut
1750 1131 1882 1172 fabulis
1892 1145 2008 1171 annu-

443 1192 683 1240 meraverim,
705 1202 784 1239 quae
799 1202 846 1227 ex
863 1189 1075 1238 antiquitate
1092 1184 1191 1225 hausi
1207 1185 1319 1236 Miffit
1338 1188 1398 1223 IV.
1417 1198 1452 1236 p.
1476 1198 1531 1236 19.
1549 1185 1599 1225 lit.
1617 1186 1667 1234 c).

528 1268 576 1308 (l)
617 1268 716 1306 Ecquis
730 1265 811 1296 nobis
826 1266 972 1304 explicaret
989 1264 1137 1303 positiones
1153 1262 1333 1292 barbarorum
1350 1263 1498 1291 nominum
1518 1262 1630 1301 piscium
1642 1282 1648 1294 ‚
1672 1272 1732 1301 quae
1755 1261 1843 1291 seculo
1865 1263 1936 1291 XlV.
1960 1261 2010 1290 fre-

613 1325 760 1357 quentata,
775 1317 815 1345 uti
833 1316 911 1347 sunt:
936 1315 1103 1344 Aculetau
1119 1314 1286 1343 Afforus—
1302 1313 1447 1342 Allota—
1465 1305 1614 1342 Pafum-'4
1628 1315 1792 1341 Coutus—
1810 1313 2007 1352 Calimpus—

614 1366 769 1397 Caffidulus
784 1366 811 1395 &
828 1366 1002 1395 Corillus—
1026 1367 1221 1405 Cornupis—
1247 1367 1412 1393 Doreus—
1436 1362 1614 1401 Glapidis—
1640 1365 1808 1392 Gracius—
1832 1363 2007 1391 Plautinus—-

615 1416 800 1455 Ruspupa—
818 1415 994 1444 Smiulus—
1010 1414 1157 1447 Stanulus‚
1177 1413 1205 1442 8(
1220 1413 1357 1452 perplures
1377 1411 1590 1451 appellationes,
1614 1410 1632 1439 si
1647 1412 1674 1440 in
1689 1419 1820 1450 promptu
1840 1422 1897 1440 non
1911 1410 2009 1440 habeat

613 1466 823 1496 vocabularium
845 1466 916 1494 circa
938 1474 1043 1493 annum
1067 1473 1148 1504 1420
1170 1462 1386 1502 Manuscriptum
1402 1460 1479 1501 quod
1501 1463 1529 1492 in
1554 1460 1721 1490 bibliotheca
1737 1460 1846 1490 celebris
1863 1460 2008 1499 Carthufiae

615 1515 750 1554 varadist
766 1527 851 1555 prope
864 1515 1010 1545 Gedanum
1025 1514 1185 1546 asservatur,
1211 1524 1268 1543 non
1285 1514 1373 1542 solum
1392 1511 1528 1553 pifiiusu,
1551 1511 1593 1541 sed
1610 1513 1637 1541 8<
1655 1511 1773 1543 avium.
1796 1511 2008 1553 quadrupedum

614 1566 643 1595 δε
658 1565 804 1594 vermium
819 1565 1060 1594 nomenclaturam
1074 1564 1264 1602 complctflens
1277 1573 1284 1594 ;
1313 1565 1388 1599 cujus
1406 1559 1612 1599 Antigraphum
1640 1564 1715 1598 juxta
1737 1558 1881 1596 historiam
1895 1561 2007 1594 avium,

612 1615 687 1645 brevi
704 1615 774 1644 forte
789 1613 950 1643 tradendam
965 1613 993 1642 8<
1007 1612 1172 1642 curiositatis
1189 1613 1276 1652 gratia
1287 1612 1314 1640 δε
1325 1619 1354 1639 ut
1366 1609 1542 1640 obvenientia
1557 1612 1584 1638 in
1601 1608 1732 1650 antiquis
1745 1608 1880 1639 chronicis
1894 1613 2009 1643 nomina

613 1665 775 1695 animalium
794 1664 882 1703 priscis
899 1663 994 1692 usitata
1010 1663 1179 1702 interpretari
1196 1662 1290 1694 liceat,
1317 1671 1382 1690 cum
1399 1660 1509 1699 publico
1525 1659 1622 1689 lubens
1643 1660 1868 1692 communicabo.

655 1735 767 1781 Sane,
795 1731 942 1781 ptscium
959 1730 1129 1781 inprimis
1145 1726 1294 1776 hzstoria
1309 1727 1431 1766 adhue
1447 1725 1552 1765 valde
1568 1739 1695 1765 manea
1711 1727 1781 1776 est,
1802 1727 1839 1766 ἂ
1856 1727 2008 1767 desuda-

445 1785 538 1824 bunt
554 1796 619 1836 per
635 1781 821 1831 seculum,
845 1780 979 1831 quibus
999 1780 1106 1818 cordi
1125 1781 1212 1828 erit,
1235 1792 1366 1817 verum
1387 1791 1406 1816 a
1426 1776 1518 1817 falsis
1539 1776 1776 1816 relationibus
1792 1777 1828 1816 &
1842 1779 2008 1827 quando-

445 1849 518 1885 que
545 1831 851 1873 obtestationibus
876 1831 1092 1870 discernere.
1154 1829 1393 1881 Optandum‚
1421 1841 1468 1866 ne
1486 1826 1569 1866 falla
1591 1841 1660 1878 pro
1679 1830 1772 1866 veris
1793 1829 2007 1879 adoptantes

444 1887 588 1925 stimma
610 1883 833 1934 quandoque
850 1883 959 1931 imis,
987 1880 1157 1930 quadrata
1180 1880 1371 1928 rotundis,
1425 1878 1684 1917 ermisceamus
1700 1893 1711 1923 3
1753 1881 1840 1916 Hoc
1865 1879 1933 1928 est,
1962 1880 2007 1918 de

445 1949 524 1986 quo
546 1936 740 1975 Terentius
757 1934 823 1973 suo
838 1942 1009 1985 tempore
1024 1931 1171 1982 questus
1187 1930 1258 1970 est:
1298 1932 1381 1979 Nae‚
1431 1931 1577 1968 omines
1592 1927 1733 1967 faciunt
1752 1928 2008 1981 intelligendo,

445 1995 487 2025 ut
502 1985 596 2026 nihil
612 1984 827 2036 intelligant.

657 2035 748 2085 Sed,
775 2048 822 2073 ne
842 2035 1015 2074 Patientia
1037 2036 1124 2073 Tua
1145 2032 1287 2082 abutar,
1315 2033 1382 2070 Vir
1398 2033 1436 2070 in
1454 2030 1614 2069 Historia
1632 2029 1783 2068 naturali
1799 2033 2007 2082 occupatis-

445 2085 556 2136 sime,
581 2086 748 2138 Epistolae
764 2085 879 2124 finem
894 2087 1076 2136 impono,
1099 2084 1136 2123 ἀ
1150 2093 1190 2123 ut
1205 2083 1299 2123 bene
1314 2081 1430 2122 valeas
1445 2094 1581 2132 meque
1598 2093 1717 2120 amare
1732 2093 1860 2133 pergas
1873 2094 2007 2122 voveo.

446 2136 590 2178 Dabam
608 2137 756 2178 Gedani
773 2139 821 2176 D.
836 2147 863 2187 4
879 2133 966 2176 Oet.
985 2135 1024 2175 st.
1043 2148 1080 2174 n.
1102 2141 1209 2187 1748.

1186 2424 1268 2488 ξε
