2139 3022
430 202 488 248 46
545 193 621 237 DE
654 187 893 233 PISCIBUS
924 188 1030 230 PER
1057 185 1389 231 BRANCHIAS
1419 189 1728 248 OCCULTAS
1760 194 1893 238 SPIR.

435 314 477 343 tu
495 297 586 339 Tab.
610 295 690 336 VH.
699 294 781 345 ff.
802 305 880 331 non
899 292 1126 330 invenimus.
1176 290 1407 331 Rondeletius
1422 293 1469 332 de
1490 295 1670 334 Acanthia
1686 297 1835 337 testatur
1852 297 1926 337 sese
1952 298 2014 338 sex

437 355 477 393 in
495 360 626 388 ventre
638 343 826 399 perfectos
845 341 956 381 foetus
971 342 1196 391 observasse,
1224 356 1318 393 qvos
1336 356 1383 381 ex
1409 346 1492 382 ovis
1515 357 1582 395 per
1609 358 1759 396 venam,
1806 362 1914 398 qvam
1932 361 2015 388 ana.

436 401 574 443 tomici
592 396 847 436 umbilicalem
863 404 1020 442 vocant,
1048 392 1221 431 excludat
1238 394 1465 444 pendentes,
1503 396 1631 435 multis
1649 397 1729 435 aliis
1745 402 1828 437 ovis
1846 400 2017 438 nondum

437 449 612 493 exclufis:
664 459 734 487 ova
748 456 873 483 autem
891 442 996 482 nullo
1013 442 1166 481 vinculo
1182 443 1323 494 alligata
1340 445 1431 483 effe:
1459 447 1580 494 itaqve
1598 446 1642 485 ab
1657 450 1742 486 ovis
1756 448 1928 487 alimenta
1944 461 2016 487 tra-

439 505 482 544 hi
501 501 546 541 ab
562 498 661 547 illis,
696 497 820 535 donec
842 492 1107 551 perfediiforas
1124 496 1352 534 emittantur.
1404 495 1719 549 Dataoccafione,
1746 498 2018 549 reliqvaincla-

439 557 543 595 tiore
559 549 643 590 luce
659 558 854 599 exponere
876 543 1175 584 allaborabtmus.

1087 705 1118 758 §.
1145 705 1379 744 xxxvn.

545 806 627 852 Jam
650 800 745 851 justo
772 797 913 837 diutius
939 796 1081 835 mersus
1103 798 1142 835 in
1180 808 1289 846 aqva,
1311 808 1356 834 an
1384 796 1506 836 homo
1537 808 1581 835 an
1609 796 1741 849 piscis,
1781 809 1933 850 tempus
1968 799 2020 839 est

440 853 678 901 ἐκκολυμβᾶν,
703 852 1079 897 summaqvepetere‚
1106 860 1153 885 ne
1170 848 1296 885 nimiis
1307 846 1455 897 spoliis,
1483 860 1644 897 qvorum
1672 848 1780 887 densa
1799 851 1944 900 agmina
1961 863 2020 888 re-

444 907 557 954 flant,
581 903 735 942 onustus
749 899 806 939 vel
826 898 977 937 taedium
997 896 1054 936 vel
1070 897 1218 948 culpam
1241 897 1480 948 contraham,
1516 898 1620 946 qvod
1647 897 1740 938 ultra
1763 901 1861 938 vires
1877 901 2021 950 egerim

444 958 703 997 urinatorem3
753 950 959 988 terminum
978 950 1268 999 itaqveimpono
1290 947 1380 986 huic
1397 948 1756 997 MiffuiTERTlQ
1783 963 1893 999 qvem
1903 949 1940 998 ‚fi
1952 949 2021 988 fata

444 1006 662 1052 annuerint,
680 1000 811 1049 reliqvi
830 1001 1041 1050 excipient,
1057 998 1104 1036 de
1125 999 1338 1037 PISCIBUS
1367 1000 1457 1037 PER
1479 1001 1767 1038 BRANCHIAS
1794 1002 2021 1039 APERTAS

445 1054 800 1097 SPIRANTIBU83
822 1052 905 1088 DEI
927 1049 1172 1100 providentiae
1182 1049 1230 1088 de
1239 1051 1326 1097 vita,
1341 1047 1453 1087 ialute
1470 1049 1507 1088 ὅ(
1525 1050 1615 1088 otiis
1625 1051 1752 1088 omnia
1766 1052 2023 1089 committens.

445 1108 603 1147 Interim
622 1101 885 1142 humaniffime
903 1100 1134 1148 LECTOR,
1164 1112 1287 1138 naevos
1306 1098 1343 1137 ἃ
1359 1111 1527 1149 erroreS‚
1560 1112 1647 1138 cum
1662 1099 1784 1138 homo
1804 1099 1867 1139 fim
1889 1132 1899 1150 ,
1951 1113 2022 1140 nec

446 1157 602 1198 humani
619 1156 813 1203 qvicqvam
831 1163 850 1190 a
867 1164 929 1189 me
944 1151 1108 1190 alienum
1127 1161 1259 1200 putem
1272 1181 1283 1199 ‚
1320 1151 1411 1198 aeqvi
1430 1149 1594 1199 boniqve
1615 1151 1893 1201 interpreteris,
1926 1151 2022 1190 hoc-

440 1221 519 1259 .qve
537 1204 723 1246 levidense
738 1200 1132 1250 munuscumreliqvis
1149 1197 1418 1239 benevolenter
1434 1200 1607 1251 suscipias
1627 1231 1640 1251 ‚
1679 1213 1788 1251 rogo.

1153 1458 1312 1507 Seneca

921 1547 1002 1590 Lib.
1026 1548 1108 1588 VII.
1123 1546 1239 1599 qvaest.
1265 1558 1390 1588 natur.
1409 1548 1561 1589 XXXI.

549 1654 673 1699 Multa
695 1654 774 1696 hoc
790 1652 959 1704 primurn
977 1650 1231 1701 cognovimus
1249 1648 1381 1690 saeculo
1397 1680 1410 1702 ‚
1463 1649 1502 1690 ὅτ
1519 1648 1637 1691 multa
1655 1647 1845 1688 venientis
1872 1647 1938 1688 aevi
1954 1659 2027 1701 po.

755 1703 866 1756 pulus
894 1703 1023 1754 ignota
1039 1699 1151 1742 nobis
1167 1699 1270 1740 sciet.
