2139 3022
698 154 918 194 CAPITE
969 152 1138 201 RAJAE.
1664 155 1711 196 35

350 256 431 301 Jam
450 252 686 292 consideratis
703 251 998 301 &Cetaceorum‚
1040 252 1077 290 ὅτ
1096 249 1444 301 Cartilagineorum‚
1486 250 1523 289 δι
1550 244 1710 299 Spinolb-

149 317 249 351 rum,
275 306 338 353 qvi
358 316 557 352 vocantur,
585 302 737 352 Piftium
757 304 916 353 Organis
936 303 1114 351 Auditus,
1138 302 1421 351 eorundemqve
1438 301 1584 339 sedibus
1599 330 1610 348 ‚
1643 310 1707 348 pa-

150 354 222 392 lam
242 355 304 403 fit,
331 355 367 392 in
388 354 458 392 illis
477 352 703 402 singulorum
721 365 852 402 genera
875 366 892 392 a
916 353 950 391 se
969 355 1133 391 invicem
1149 352 1300 390 differre
1314 352 1351 390 ἀ
1369 351 1543 390 (ὶωξὶιιι-ε]
1563 350 1598 388 ἃ
1622 346 1709 385 sub-

149 406 287 442 stantia.
340 406 487 442 Etenim
513 405 583 442 (ΣΕ
596 405 668 441 TA
679 404 776 441 CEI
788 403 924 454 pisces,
964 415 1127 452 qvorum
1149 401 1279 441 scelera
1308 403 1390 440 sunt
1409 414 1496 439 vere
1521 400 1639 446 offen,
1672 396 1708 434 &

149 466 256 492 certo
277 454 440 505 respectu
471 467 557 492 cum
580 453 776 492 arboribus
802 455 898 491 veris
925 452 961 490 Gt
993 465 1096 490 mere
1134 451 1282 502 lignofis
1306 452 1515 502 comparari
1540 448 1710 501 poffunr,

148 505 331 555 gaudent,
358 504 403 542 ad
421 504 528 542 inflat
544 503 702 541 aliorum
720 503 957 549 animalium,
985 503 1021 541 δι
1039 502 1178 541 offibus
1196 515 1283 539 vere
1301 501 1475 552 petrofis,
1503 499 1538 538 ἃ
1557 497 1709 548 organis

149 555 297 594 auditus
321 567 405 592 vere
426 553 555 596 offeis;
582 553 701 592 Pisces
719 561 844 592 au‘tem
862 554 974 592 CAR
990 554 1127 592 TILA
1139 553 1171 590 G
1184 553 1338 601 1NEI,
1389 562 1551 602 qvorum
1577 547 1710 586 l'celeta

150 606 232 643 sunt
249 603 501 654 cartilaginosa
519 602 555 641 ὅ(
579 602 722 641 summe
743 602 905 651 elastica,
931 602 1157 641 conferenda
1171 615 1257 641 cum
1275 602 1407 653 plantis
1429 601 1603 647 marinis,
1631 608 1710 646 qvae

148 654 399 704 Keratophyta
417 653 592 701 audiunt,
619 652 777 701 habent,
816 653 903 691 loco
920 653 1007 690 offis
1032 651 1186 703 petrosi,
1224 651 1340 690 simile
1361 651 1450 700 qvid
1477 648 1710 697 cartilagine·

150 719 239 753 um,
269 705 305 742 ἃ
322 716 458 753 organa
485 703 631 742 auditus
656 703 856 742 substantia:
880 715 1064 751 tartareae,
1106 700 1283 750 friabilis,
1322 701 1380 740 vel
1409 702 1522 739 nimia
1546 709 1710 737 macera-

150 758 254 794 tione
273 753 473 796 l'olvendae3
510 752 629 791 Pisces
647 752 802 791 demum
819 755 882 802 qvi
899 753 1075 791 dicuntur
1092 753 1350 799 SPINOSI,
1377 762 1541 800 qvorum
1567 747 1709 787 Sceleta

148 806 367 844 affinitatem
387 802 526 841 habent
543 815 630 841 cum
649 802 781 853 plantis
800 805 973 852 marinis,
1012 802 1205 841 substantia
1224 801 1394 841 Coralliis
1410 801 1538 848 affine,
1579 797 1711 837 fovent

148 855 227 894 fere
243 854 382 904 lapidea
405 853 552 891 auditus
570 865 728 902 organa,
755 852 917 892 coralliis
934 852 1220 902 qvodammodo
1236 851 1386 902 aemula,
1414 850 1473 890 vel
1494 851 1542 890 ad
1563 846 1711 902 porcel-

148 905 236 944 lanae
254 902 500 955 compositam
517 905 709 941 materiam
730 905 906 955 proxime
921 903 1148 942 accedentia.

349 1005 404 1041 Ex
422 1013 526 1044 antea
549 1000 658 1040 distis
675 1003 788 1041 etiam
806 1001 944 1053 patebit
963 1001 1301 1052 Cartilagineorum
1319 999 1464 1051 lapillos
1483 996 1712 1047 circumspe-

149 1053 209 1094 &e
226 1053 297 1094 effe
315 1053 547 1097 tractandos,
574 1051 610 1090 δι
632 1053 842 1091 cavendum
863 1053 934 1101 est,
957 1065 1003 1090 ne
1027 1054 1194 1090 cranium
1210 1063 1295 1090 ante
1313 1063 1411 1100 aqvae
1425 1049 1471 1088 ad
1490 1049 1711 1087 maceratio-

149 1118 261 1153 nem,
290 1104 429 1142 nedum
446 1103 491 1141 ad
511 1101 666 1151 longum
684 1115 855 1154 tempus,
881 1103 1162 1151 committatur,
1194 1114 1305 1150 qvam
1323 1099 1455 1152 lapilli,
1482 1111 1576 1148 qvos
1597 1096 1711 1135 sedia-

149 1157 222 1203 ris,
247 1152 464 1205 deprehensi
482 1150 640 1196 fuerint3
667 1155 720 1192 Hi
737 1153 984 1192 nihilominus
1007 1152 1144 1190 laeviter
1172 1152 1299 1202 digitis
1324 1149 1526 1201 tangendi,
1574 1161 1620 1186 ne
1650 1145 1712 1185 vel

150 1207 189 1244 in
207 1204 399 1256 pulverem
418 1202 475 1241 vel
495 1203 697 1243 minimum
714 1205 751 1244 in
767 1203 964 1257 particulas
983 1202 1127 1247 abiant;
1155 1201 1332 1242 ultimum
1348 1202 1386 1240 in
1405 1199 1481 1240 offe
1501 1197 1690 1239 orbiculat

151 1256 337 1295 sturionis
358 1265 534 1306 expertus
551 1253 644 1292 sum.

668 1955 919 1996 RELIGIO
969 1954 1207 1995 MEDICI.

763 2039 901 2093 Ezghth
918 2041 1015 2081 Edit.
1031 2042 1069 2092 pi
1085 2050 1119 2090 7.

353 2206 443 2246 The
461 2204 578 2244 world
597 2217 666 2244 was
683 2206 792 2246 made
816 2218 858 2245 to
874 2205 921 2246 be
938 2204 1132 2246 inhabited
1146 2203 1194 2253 by
1217 2202 1336 2242 Beasls
1349 2233 1359 2251 ,
1387 2201 1453 2241 but
1471 2201 1612 2244 studied
1638 2203 1711 2243 and

155 2270 433 2327 dontemplated
451 2276 498 2325 by
517 2277 629 2312 Man:
658 2277 715 2314 'tis
731 2275 795 2314 the
813 2276 913 2314 Debt
927 2273 976 2314 of
983 2288 1055 2313 our
1073 2274 1215 2313 Reason
1232 2285 1284 2312 we
1299 2285 1381 2312 owe
1403 2284 1495 2312 unto
1511 2273 1618 2322 God,
1639 2271 1712 2311 and

155 2340 221 2380 the
237 2344 413 2392 Homage
429 2353 481 2379 we
500 2350 566 2390 pay
583 2337 664 2376 him
682 2338 743 2379 for
760 2351 828 2378 not
846 2337 959 2390 being
976 2337 1107 2377 Beasts.
