2139 3022
402 211 762 256 OCCULTAS
787 210 1254 256 SPIRANTIBUS.
1572 218 1627 259 45

412 317 588 356 delineari
604 314 776 354 fecimus.
881 317 1024 364 Matre,
1061 329 1139 365 qva:
1161 315 1296 356 foetum
1313 315 1426 365 tulit,
1459 314 1627 356 destituti

412 379 519 406 certo
541 368 788 405 determinare
803 378 880 404 non
896 366 1112 416 possumus,
1135 369 1242 414 cuius
1257 366 1299 406 fit
1325 368 1474 418 speciei.
1556 368 1626 404 Su-

407 429 496 468 pera
516 418 628 456 cauda
646 415 722 454 fere
732 428 810 454 tota
824 416 860 454 ἅ
871 428 940 464 qva
955 428 1099 466 partem
1116 417 1213 455 dorii
1229 417 1426 467 pisciculus
1440 416 1626 455 aculeatus

407 467 568 505 videtur.
618 465 729 504 Conf.
740 467 955 505 Caniculam
968 467 1175 505 Aristotelis
1185 480 1273 505 cum
1284 465 1456 506 folliculo
1467 467 1503 505 ὅτ
1512 465 1627 518 capil—
1642 484 1644 486 ·

407 515 580 556 lamentis
589 516 687 568 apud
699 514 880 555 Rondelet.
895 527 930 566 p.
941 524 1026 567 380.
1042 517 1079 556 ἃ
1095 517 1316 568 Bouffitetum
1332 527 1367 568 p.
1386 518 1460 556 162.

182 619 215 657 ῒ)
255 620 287 649 In
301 618 370 658 pisce
386 620 521 648 Centrinae
535 618 611 647 simili
628 616 775 648 Stenonius
789 620 840 648 all.
856 619 912 647 loco
927 619 1028 657 pariter
1045 620 1170 649 ovarium
1189 621 1216 648 in
1232 627 1348 659 utroqve
1363 619 1446 649 latere
1471 627 1559 648 unum
1577 613 1629 645 ob-

263 671 388 703 servavit,
410 680 515 709 ovaqve
531 681 649 712 magna,
671 671 836 702 mediocria,
859 672 988 703 minima,
1014 671 1074 700 alba
1090 690 1098 704 ,
1120 682 1213 711 aqvea,
1222 672 1411 705 flavescentia,
1430 668 1561 702 rotunda,
1576 667 1627 697 ob-

262 724 363 764 longa,
383 724 475 753 multis
494 725 644 754 tuberculis
659 725 816 763 inaeqvalia5
862 724 930 753 item
945 722 1109 754 oviducstum
1123 726 1277 764 geminum.
1325 727 1445 763 Uterqve
1461 722 1629 754 ovidfflus,

259 773 307 803 ubi
324 773 370 802 sub
395 774 492 812 hepate
508 773 541 802 ad
561 773 740 815 diaphragma
756 782 915 812 pervenerat
931 773 1065 813 heparqve
1080 777 1150 803 inter
1163 774 1379 814 &diaphragma
1387 773 1560 803 adscenderat
1569 780 1630 801 vet-

259 825 302 855 sus
325 826 451 855 inferiora
486 826 603 856 reflexus
627 827 724 855 mediae
752 824 910 855 abdominis
926 826 1009 854 lineae
1027 835 1062 855 eo
1079 825 1168 855 modo
1191 825 1406 858 annet‘iebatun
1445 833 1476 854 ut
1491 823 1626 853 fluitantia

257 877 287 905 in
306 875 458 905 abdomine
480 885 531 905 ova
548 876 716 906 infundibuli
731 876 830 904 oslium
847 877 969 914 excipere
978 874 1070 913 ponit.
1085 880 1213 917 Rajaeq-ue
1223 874 1370 904 ovidufius
1377 873 1549 905 similimodo
1559 882 1628 901 con-

257 926 390 956 formatos
405 925 456 955 effe
470 925 565 955 credit.
620 928 697 956 Parte
711 925 839 955 inferiore
853 924 1038 955 oviduistuum
1052 924 1178 958 dimna,
1208 925 1299 964 liqvor
1312 926 1390 955 albus
1405 925 1512 954 effluxit
1528 944 1537 956 ‚
1580 923 1627 951 cui

257 989 372 1018 corpora
387 977 509 1017 qvaedam
529 980 612 1017 longa
628 999 638 1010 ,
683 989 734 1008 nec
750 978 869 1007 multum
892 977 974 1007 crassa
999 977 1177 1010 innatabant,
1211 979 1239 1006 in
1261 978 1362 1017 qvibus
1387 976 1550 1016 corporibus
1565 985 1625 1004 non

255 1034 398 1072 qvicqvam
413 1029 497 1062 vidit,
527 1038 622 1069 praeter
641 1029 716 1059 binas
730 1032 854 1062 tunicas,
873 1040 988 1069 qvarum
1005 1032 1125 1059 exterior
1139 1030 1238 1071 rugosa
1255 1031 1282 1059 &
1299 1031 1396 1063 crassa,
1421 1031 1536 1059 interior
1551 1028 1624 1057 laevis

254 1084 282 1114 &
301 1084 419 1112 humore
432 1082 582 1120 cryslallino
597 1083 697 1121 plena;
740 1081 888 1121 eademqve
908 1092 1026 1121 corpora
1051 1092 1102 1121 pro
1123 1084 1181 1113 ovis
1196 1082 1311 1113 babuit»
1335 1083 1365 1112 in
1380 1081 1478 1122 qvibus
1493 1090 1542 1110 nec
1555 1078 1625 1108 dum

255 1137 310 1166 ulla
328 1136 409 1164 foetus
426 1134 575 1163 delineatio
592 1135 710 1174 peraeta.
763 1135 842 1164 Plura
856 1134 931 1174 apud
939 1142 1082 1166 Amorem.

172 1206 223 1244 ††)
267 1207 401 1235 Uterum,
424 1201 575 1231 ventriculo
593 1201 717 1230 anserino
735 1201 807 1230 haud
828 1201 1001 1235 dissimilem,
1033 1202 1067 1231 sic
1089 1202 1261 1233 invenimus,
1291 1208 1376 1240 prout
1394 1199 1521 1230 laudatus
1531 1204 1625 1229 Stem-

254 1254 318 1284 m'us
335 1263 443 1284 uterum
460 1256 530 1290 Rajae
545 1255 572 1281 in
587 1250 762 1292 epistolafim
777 1254 893 1294 allegata
910 1253 1043 1291 descripsit
1058 1273 1066 1285 ,
1095 1264 1128 1282 ex
1151 1253 1251 1291 duplici
1270 1252 1413 1282 fiibstantia
1430 1253 1622 1284 constantem,

243 1308 390 1339 .exteriore
406 1305 554 1336 albicante,
577 1306 842 1335 interiorecinerinass
907 1309 999 1335 Totus
1011 1306 1062 1334 Fuit
1071 1304 1258 1337 musculosus,
1281 1309 1358 1343 cujus
1375 1312 1467 1334 tamen
1494 1303 1568 1334 fibrae
1584 1308 1623 1335 ita

254 1363 330 1385 erant
357 1354 486 1383 emollitae
497 1373 504 1385 ‚
533 1353 603 1382 forte
619 1353 652 1382 ab
668 1364 738 1393 aqva
756 1357 859 1384 marina
876 1356 904 1384 δι
920 1354 970 1385 sal:
986 1367 1041 1395 qvo
1055 1356 1170 1385 condita
1189 1355 1299 1385 f'uerunt
1315 1357 1430 1388 omnia,
1460 1362 1490 1384 ut
1505 1354 1621 1386 direcf'tio

250 1407 358 1437 illarum
375 1404 412 1432 ob
427 1403 650 1433 dilacerationem
666 1406 835 1443 repentinam
852 1407 1007 1447 investigari
1024 1406 1097 1436 haud
1114 1409 1253 1445 potuerit3
1300 1408 1375 1435 intus
1388 1416 1471 1435 cavus
1486 1406 1622 1437 membra-

250 1467 337 1496 naqve
354 1454 493 1484 obduems
504 1474 512 1488 ‚
534 1465 592 1493 qvae
607 1462 666 1484 tota
684 1464 783 1494 qvanta
799 1456 901 1486 viscido
918 1457 1099 1498 glutinosa&
1115 1456 1329 1497 pinguiinFec‘la.
1377 1458 1482 1497 Vagina
1498 1457 1529 1496 f)
1538 1468 1619 1497 qvam

249 1507 384 1538 diximus,
406 1505 484 1544 plena
501 1504 551 1532 fuit
566 1505 668 1543 papillis
676 1515 725 1544 per
739 1505 823 1535 lineas
835 1507 971 1545 parallelas
981 1526 988 1539 ‚
1009 1504 1158 1535 secundum
1174 1505 1382 1546 longitudinem
1396 1506 1538 1545 dispositis.

165 1577 236 1619 †††)
280 1570 426 1602 sananim
443 1571 595 1600 folliculum
612 1572 749 1610 appellat,
770 1573 895 1602 cenulam
911 1584 920 1606 ς
960 1575 995 1603 est
1017 1581 1128 1607 autem,
1150 1581 1234 1612 prout
1251 1573 1388 1606 diximus,
1407 1573 1618 1612 substantiaepo-

247 1627 302 1654 tius
317 1633 424 1651 corneae
439 1621 479 1650 vel
497 1621 660 1650 tenacissimi
675 1623 742 1651 corii
755 1626 894 1662 praeparati
908 1643 915 1656 ,
940 1623 1014 1662 qvod
1031 1632 1242 1664 pergamentum
1259 1624 1359 1653 dicitur
1381 1633 1389 1659 ;
1439 1625 1468 1653 ἅτ
1485 1627 1618 1654 miramur

251 1686 316 1706 cum
325 1675 391 1705 illo,
410 1669 621 1705 Rondeletium,
646 1677 805 1706 Gesnemm,
815 1675 989 1711 Jonstonum,
999 1673 1081 1710 (adde
1089 1672 1256 1709 Bellom‘nm)
1270 1673 1427 1712 simpliciter
1440 1673 1510 1703 adeo
1525 1674 1553 1702 Sc
1569 1673 1617 1703 ab·

247 1726 335 1756 solute
349 1721 535 1762 pronuntiasse
550 1722 789 1752 uterosfolliculos
804 1727 886 1756 tales;
930 1734 998 1762 qvos
1014 1723 1152 1761 ejusmodi
1169 1723 1252 1761 pisces
1266 1733 1330 1752 cum
1347 1732 1426 1762 partu
1443 1724 1566 1753 exclusos
1576 1734 1616 1753 re-

242 1775 329 1816 jecisse
345 1775 478 1813 sequutum
503 1771 577 1812 qvod
595 1773 745 1811 freqventes
756 1774 789 1802 ad
804 1776 884 1803 maris
900 1775 992 1803 littora
1003 1777 1126 1812 Rajarum
1138 1775 1261 1812 inprimis
1278 1774 1312 1803 sic
1329 1774 1407 1804 didiae
1415 1776 1515 1804 tessulae
1524 1775 1617 1806 visun.

244 1837 290 1857 tur
304 1837 396 1856 vacuae
410 1826 437 1853 δε
453 1826 564 1856 inanes,
586 1825 704 1864 figuram
721 1827 872 1867 reeianguli
891 1826 1009 1866 oblongi
1026 1828 1222 1865 exprimentes,
1244 1830 1320 1863 cujus
1337 1838 1394 1866 qvae
1409 1829 1536 1868 longiora
1548 1830 1615 1857 late-

243 1891 288 1912 ra,
314 1890 371 1908 non
387 1877 458 1906 secus
472 1887 503 1905 ac
516 1878 543 1905 in
556 1875 698 1916 sandapila
708 1897 715 1910 ,
740 1880 866 1918 utrinqve
880 1880 1128 1919 parallelogrammi
1144 1885 1219 1908 extra
1233 1878 1402 1919 superficiem
1418 1881 1480 1910 sunt
1494 1880 1614 1915 exten&

241 1938 326 1973 prout
342 1927 506 1969 hujusmodi
523 1928 712 1959 folliculorum
726 1931 846 1972 figuram
862 1931 988 1962 describit
997 1930 1154 1961 stemnius.

688 2090 719 2142 ᾗ.
747 2092 950 2130 xxxvi,

133 2184 250 2239 Qod
266 2183 452 2232 reliqvum
470 2180 521 2219 est
534 2215 546 2233 ‚
587 2182 807 2236 opinamur,
844 2194 922 2220 non
943 2181 1121 2221 omnibus
1140 2181 1264 2222 Galeis
1280 2194 1397 2221 unum
1420 2182 1603 2222 eundem

35 2250 106 2287 qve
126 2241 197 2277 elie
214 2235 371 2273 modum
389 2245 522 2271 naturae
539 2247 615 2283 qvo
631 2234 742 2272 foetus
771 2233 855 2271 suos
874 2231 1024 2270 foveant
1048 2233 1082 2271 ὁ(
1105 2233 1327 2277 excludant3
1388 2232 1603 2272 conferatur

34 2288 182 2327 Catulus
193 2284 299 2324 Galei
311 2284 476 2331 Asteriae,
495 2281 566 2322 five
578 2282 728 2323 Mulleli
740 2282 887 2321 stellaris
898 2282 954 2320 vel
969 2285 1060 2324 varii
1089 2283 1177 2323 Tab.
1193 2285 1221 2322 Ι.
1225 2285 1267 2332 f.
1284 2294 1318 2331 7.
1349 2287 1411 2331 qvi
1429 2284 1601 2323 funiculo

33 2332 758 2383 umbilicali&saccu10<an1ecundinis?)
784 2331 981 2373 instrueius
997 2334 1068 2381 est3
1119 2347 1209 2374 cum
1225 2333 1342 2393 limile
1360 2334 1451 2384 qvid
1471 2338 1510 2374 in
1526 2333 1598 2373 foe-

807 2386 877 2434 (F>
903 2395 925 2434 3
1553 2395 1597 2424 tu
