<?xml version="1.0" encoding="UTF-8"?>
<!DOCTYPE html PUBLIC "-//W3C//DTD XHTML 1.0 Transitional//EN"
    "http://www.w3.org/TR/xhtml1/DTD/xhtml1-transitional.dtd">
<html xmlns="http://www.w3.org/1999/xhtml" xml:lang="en" lang="en">
 <head>
  <title>
</title>
<meta http-equiv="Content-Type" content="text/html;charset=utf-8" />
  <meta name='ocr-system' content='tesseract 3.04.00' />
  <meta name='ocr-capabilities' content='ocr_page ocr_carea ocr_par ocr_line ocrx_word'/>
</head>
<body>
  <div class='ocr_page' id='page_1' title='image "./iacobitheodorikl00klei_0039.png"; bbox 0 0 2139 3022; ppageno 0'>
   <div class='ocr_carea' id='block_1_1' title="bbox 764 203 1716 251">
    <p class='ocr_par' dir='ltr' id='par_1_1' title="bbox 764 203 1716 251">
     <span class='ocr_line' id='line_1_1' title="bbox 764 203 1716 251; baseline 0.008 -8"><span class='ocrx_word' id='word_1_1' title='bbox 764 203 1087 244; x_wconf 82' lang='lat' dir='ltr'>PHOCAENAE.</span> <span class='ocrx_word' id='word_1_2' title='bbox 1669 211 1716 251; x_wconf 72' lang='lat'>3¹</span> 
     </span>
    </p>
   </div>
   <div class='ocr_carea' id='block_1_2' title="bbox 305 299 1722 1556">
    <p class='ocr_par' dir='ltr' id='par_1_2' title="bbox 305 299 1722 955">
     <span class='ocr_line' id='line_1_2' title="bbox 305 299 1719 357; baseline -0.005 -12"><span class='ocrx_word' id='word_1_3' title='bbox 305 306 309 308; x_wconf 66' lang='grc'>’</span> <span class='ocrx_word' id='word_1_4' title='bbox 355 302 763 357; x_wconf 80' lang='lat' dir='ltr'>iinpos&#39;uiffe&#39;videtur,</span> <span class='ocrx_word' id='word_1_5' title='bbox 789 302 1011 342; x_wconf 85' lang='lat' dir='ltr'>Phocaenam</span> <span class='ocrx_word' id='word_1_6' title='bbox 1030 301 1137 352; x_wconf 83' lang='lat' dir='ltr'>felle,</span> <span class='ocrx_word' id='word_1_7' title='bbox 1151 302 1202 342; x_wconf 93' lang='lat' dir='ltr'>ob</span> <span class='ocrx_word' id='word_1_8' title='bbox 1224 302 1427 343; x_wconf 81' lang='lat' dir='ltr'>absentiam</span> <span class='ocrx_word' id='word_1_9' title='bbox 1446 301 1569 341; x_wconf 83' lang='lat' dir='ltr'>veficae</span> <span class='ocrx_word' id='word_1_10' title='bbox 1585 299 1719 348; x_wconf 66' lang='lat' dir='ltr'>senex,</span> 
     </span>
     <span class='ocr_line' id='line_1_3' title="bbox 357 351 1722 404; baseline -0.005 -9"><span class='ocrx_word' id='word_1_11' title='bbox 357 369 503 404; x_wconf 87' lang='lat' dir='ltr'>carcre,</span> <span class='ocrx_word' id='word_1_12' title='bbox 529 354 631 403; x_wconf 90' lang='lat' dir='ltr'>qvod</span> <span class='ocrx_word' id='word_1_13' title='bbox 646 366 723 392; x_wconf 87' lang='lat' dir='ltr'>non</span> <span class='ocrx_word' id='word_1_14' title='bbox 739 353 951 392; x_wconf 88' lang='lat' dir='ltr'>inciderunt</span> <span class='ocrx_word' id='word_1_15' title='bbox 967 355 1005 392; x_wconf 90' lang='lat' dir='ltr'>in</span> <span class='ocrx_word' id='word_1_16' title='bbox 1022 353 1304 403; x_wconf 85' lang='lat' dir='ltr'>subseqventem</span> <span class='ocrx_word' id='word_1_17' title='bbox 1320 352 1431 391; x_wconf 90' lang='lat' dir='ltr'>Plinii</span> <span class='ocrx_word' id='word_1_18' title='bbox 1447 364 1615 400; x_wconf 86' lang='lat' dir='ltr'>textum,</span> <span class='ocrx_word' id='word_1_19' title='bbox 1657 351 1722 399; x_wconf 85' lang='lat' dir='ltr'>qvi</span> 
     </span>
     <span class='ocr_line' id='line_1_4' title="bbox 356 402 1721 457; baseline -0.004 -13"><span class='ocrx_word' id='word_1_20' title='bbox 356 405 476 457; x_wconf 54' lang='lat' dir='ltr'>paulo,</span> <span class='ocrx_word' id='word_1_21' title='bbox 491 405 592 456; x_wconf 86' lang='lat' dir='ltr'>post,</span> <span class='ocrx_word' id='word_1_22' title='bbox 611 406 790 443; x_wconf 83' lang='lat' dir='ltr'>nimirum</span> <span class='ocrx_word' id='word_1_23' title='bbox 802 404 889 442; x_wconf 65' lang='lat' dir='ltr'>Sec‘i‘.</span> <span class='ocrx_word' id='word_1_24' title='bbox 907 413 961 452; x_wconf 73' lang='lat'>75.</span> <span class='ocrx_word' id='word_1_25' title='bbox 980 402 1125 442; x_wconf 80' lang='lat' dir='ltr'>disertis</span> <span class='ocrx_word' id='word_1_26' title='bbox 1143 403 1268 443; x_wconf 88' lang='lat' dir='ltr'>verbis</span> <span class='ocrx_word' id='word_1_27' title='bbox 1277 402 1423 442; x_wconf 89' lang='lat' dir='ltr'>scribit:</span> <span class='ocrx_word' id='word_1_28' title='bbox 1541 404 1721 451; x_wconf 83' lang='lat' dir='ltr'>„Serpen-</span> 
     </span>
     <span class='ocr_line' id='line_1_5' title="bbox 357 449 1718 506; baseline -0.004 -13"><span class='ocrx_word' id='word_1_29' title='bbox 357 455 484 506; x_wconf 80' lang='lat' dir='ltr'>„tibus</span> <span class='ocrx_word' id='word_1_30' title='bbox 493 455 656 504; x_wconf 75' lang='lat' dir='ltr'><em>portione</em></span> <span class='ocrx_word' id='word_1_31' title='bbox 672 454 829 491; x_wconf 78' lang='lat' dir='ltr'><em>maxime</em></span> <span class='ocrx_word' id='word_1_32' title='bbox 845 453 1013 502; x_wconf 71' lang='lat' dir='ltr'>copiqfimz</span> <span class='ocrx_word' id='word_1_33' title='bbox 1038 452 1152 501; x_wconf 84' lang='lat' dir='ltr'><em>(fel)</em></span> <span class='ocrx_word' id='word_1_34' title='bbox 1192 454 1234 493; x_wconf 73' lang='lat'>&amp;⁹</span> <span class='ocrx_word' id='word_1_35' title='bbox 1244 451 1422 504; x_wconf 84' lang='lat' dir='ltr'>piscihus;</span> <span class='ocrx_word' id='word_1_36' title='bbox 1439 449 1486 499; x_wconf 83' lang='lat' dir='ltr'>est</span> <span class='ocrx_word' id='word_1_37' title='bbox 1500 462 1620 491; x_wconf 81' lang='lat' dir='ltr'>autem</span> <span class='ocrx_word' id='word_1_38' title='bbox 1643 449 1718 501; x_wconf 77' lang='lat' dir='ltr'>ple-</span> 
     </span>
     <span class='ocr_line' id='line_1_6' title="bbox 357 498 1716 556; baseline -0.004 -12"><span class='ocrx_word' id='word_1_39' title='bbox 357 507 508 556; x_wconf 81' lang='lat' dir='ltr'>„risqve</span> <span class='ocrx_word' id='word_1_40' title='bbox 523 514 598 542; x_wconf 82' lang='lat' dir='ltr'>toto</span> <span class='ocrx_word' id='word_1_41' title='bbox 613 502 796 551; x_wconf 81' lang='lat' dir='ltr'>intestino,</span> <span class='ocrx_word' id='word_1_42' title='bbox 806 502 904 552; x_wconf 82' lang='lat' dir='ltr'>ficut</span> <span class='ocrx_word' id='word_1_43' title='bbox 920 505 1101 553; x_wconf 80' lang='lat' dir='ltr'><em>Accipitri</em></span> <span class='ocrx_word' id='word_1_44' title='bbox 1116 501 1246 547; x_wconf 81' lang='lat' dir='ltr'>milv0;</span> <span class='ocrx_word' id='word_1_45' title='bbox 1270 513 1449 553; x_wconf 64' lang='lat' dir='ltr'>praeterea</span> <span class='ocrx_word' id='word_1_46' title='bbox 1471 503 1647 549; x_wconf 72' lang='lat' dir='ltr'>injecere</span> <span class='ocrx_word' id='word_1_47' title='bbox 1670 498 1716 548; x_wconf 79' lang='lat' dir='ltr'>est</span> 
     </span>
     <span class='ocr_line' id='line_1_7' title="bbox 353 549 1718 606; baseline -0.002 -14"><span class='ocrx_word' id='word_1_48' title='bbox 353 556 424 606; x_wconf 53' lang='grc' dir='ltr'>»εἴ</span> <span class='ocrx_word' id='word_1_49' title='bbox 441 554 540 592; x_wconf 84' lang='lat' dir='ltr'>Cetis</span> <span class='ocrx_word' id='word_1_50' title='bbox 550 553 707 593; x_wconf 79' lang='lat' dir='ltr'>omnihus</span> <span class='ocrx_word' id='word_1_51' title='bbox 714 568 729 595; x_wconf 89' lang='grc'>,·</span> <span class='ocrx_word' id='word_1_52' title='bbox 755 552 882 591; x_wconf 84' lang='lat' dir='ltr'>vitulis</span> <span class='ocrx_word' id='word_1_53' title='bbox 900 555 1040 601; x_wconf 77' lang='lat' dir='ltr'>qvidem</span> <span class='ocrx_word' id='word_1_54' title='bbox 1056 555 1211 593; x_wconf 74' lang='lat' dir='ltr'>marinis</span> <span class='ocrx_word' id='word_1_55' title='bbox 1226 556 1275 593; x_wconf 82' lang='lat' dir='ltr'>ad</span> <span class='ocrx_word' id='word_1_56' title='bbox 1289 551 1404 592; x_wconf 78' lang='lat' dir='ltr'>multa</span> <span class='ocrx_word' id='word_1_57' title='bbox 1418 564 1551 601; x_wconf 82' lang='lat' dir='ltr'><strong><em>qvoqve</em></strong></span> <span class='ocrx_word' id='word_1_58' title='bbox 1566 549 1718 600; x_wconf 57' lang='lat' dir='ltr'>nebda„</span> 
     </span>
     <span class='ocr_line' id='line_1_8' title="bbox 352 602 1717 645; baseline -0.004 0"><span class='ocrx_word' id='word_1_59' title='bbox 352 607 458 645; x_wconf 86' lang='lat' dir='ltr'>Hinc</span> <span class='ocrx_word' id='word_1_60' title='bbox 477 606 584 642; x_wconf 87' lang='lat' dir='ltr'>Dnus</span> <span class='ocrx_word' id='word_1_61' title='bbox 601 606 643 642; x_wconf 81' lang='lat' dir='ltr'>de</span> <span class='ocrx_word' id='word_1_62' title='bbox 664 602 700 642; x_wconf 86' lang='lat' dir='ltr'>la</span> <span class='ocrx_word' id='word_1_63' title='bbox 719 605 863 642; x_wconf 87' lang='lat' dir='ltr'>Motte:</span> <span class='ocrx_word' id='word_1_64' title='bbox 890 603 1049 642; x_wconf 87' lang='lat' dir='ltr'>Illustres</span> <span class='ocrx_word' id='word_1_65' title='bbox 1074 607 1240 643; x_wconf 88' lang='lat' dir='ltr'>Autores</span> <span class='ocrx_word' id='word_1_66' title='bbox 1264 617 1283 643; x_wconf 83' lang='lat' dir='ltr'>a</span> <span class='ocrx_word' id='word_1_67' title='bbox 1306 604 1525 643; x_wconf 82' lang='lat' dir='ltr'>continente</span> <span class='ocrx_word' id='word_1_68' title='bbox 1551 602 1598 641; x_wconf 88' lang='lat' dir='ltr'>ad</span> <span class='ocrx_word' id='word_1_69' title='bbox 1622 613 1717 640; x_wconf 89' lang='lat' dir='ltr'>con-</span> 
     </span>
     <span class='ocr_line' id='line_1_9' title="bbox 351 650 1716 704; baseline -0.004 -10"><span class='ocrx_word' id='word_1_70' title='bbox 351 665 500 694; x_wconf 87' lang='lat' dir='ltr'>tentum</span> <span class='ocrx_word' id='word_1_71' title='bbox 515 653 794 704; x_wconf 78' lang='lat' dir='ltr'>argumenta-sse.</span> <span class='ocrx_word' id='word_1_72' title='bbox 836 653 1045 692; x_wconf 87' lang='lat' dir='ltr'>Audiamus</span> <span class='ocrx_word' id='word_1_73' title='bbox 1059 656 1175 693; x_wconf 89' lang='lat' dir='ltr'>etiam</span> <span class='ocrx_word' id='word_1_74' title='bbox 1190 655 1428 694; x_wconf 75' lang='lat' dir='ltr'>Harduinum</span> <span class='ocrx_word' id='word_1_75' title='bbox 1452 654 1491 691; x_wconf 84' lang='lat' dir='ltr'>in</span> <span class='ocrx_word' id='word_1_76' title='bbox 1521 662 1592 691; x_wconf 86' lang='lat' dir='ltr'>not.</span> <span class='ocrx_word' id='word_1_77' title='bbox 1620 650 1716 692; x_wconf 86' lang='lat' dir='ltr'>Plin.</span> 
     </span>
     <span class='ocr_line' id='line_1_10' title="bbox 353 702 1715 754; baseline -0.002 -12"><span class='ocrx_word' id='word_1_78' title='bbox 353 706 441 745; x_wconf 71' lang='lat' dir='ltr'>Scc&#39;Z.</span> <span class='ocrx_word' id='word_1_79' title='bbox 462 715 517 754; x_wconf 74' lang='lat'>75.</span> <span class='ocrx_word' id='word_1_80' title='bbox 540 704 586 742; x_wconf 87' lang='lat' dir='ltr'>ad</span> <span class='ocrx_word' id='word_1_81' title='bbox 609 704 740 753; x_wconf 88' lang='lat' dir='ltr'>verba,</span> <span class='ocrx_word' id='word_1_82' title='bbox 766 702 904 742; x_wconf 79' lang='lat' dir='ltr'>vitulus</span> <span class='ocrx_word' id='word_1_83' title='bbox 923 705 1085 752; x_wconf 65' lang='lat' dir='ltr'>quiderm·</span> <span class='ocrx_word' id='word_1_84' title='bbox 1118 704 1190 743; x_wconf 90' lang='lat' dir='ltr'>ibi:</span> <span class='ocrx_word' id='word_1_85' title='bbox 1362 706 1439 751; x_wconf 83' lang='lat' dir='ltr'>„Ea</span> <span class='ocrx_word' id='word_1_86' title='bbox 1464 715 1614 752; x_wconf 86' lang='lat' dir='ltr'>qvoqve</span> <span class='ocrx_word' id='word_1_87' title='bbox 1637 703 1715 740; x_wconf 86' lang='lat' dir='ltr'>ani-</span> 
     </span>
     <span class='ocr_line' id='line_1_11' title="bbox 353 752 1714 805; baseline -0.001 -13"><span class='ocrx_word' id='word_1_88' title='bbox 353 754 511 805; x_wconf 84' lang='lat' dir='ltr'>„malia,</span> <span class='ocrx_word' id='word_1_89' title='bbox 547 767 624 802; x_wconf 83' lang='lat' dir='ltr'>qvae</span> <span class='ocrx_word' id='word_1_90' title='bbox 647 752 802 793; x_wconf 84' lang='lat' dir='ltr'>veficula</span> <span class='ocrx_word' id='word_1_91' title='bbox 825 752 923 792; x_wconf 87' lang='lat' dir='ltr'>fellis</span> <span class='ocrx_word' id='word_1_92' title='bbox 944 754 1193 793; x_wconf 84' lang='lat' dir='ltr'>destituuntur</span> <span class='ocrx_word' id='word_1_93' title='bbox 1227 772 1301 782; x_wconf 90' lang='lat'>-—-</span> <span class='ocrx_word' id='word_1_94' title='bbox 1331 753 1516 793; x_wconf 86' lang='lat' dir='ltr'>affirmare</span> <span class='ocrx_word' id='word_1_95' title='bbox 1540 753 1637 791; x_wconf 79' lang='lat' dir='ltr'>visus</span> <span class='ocrx_word' id='word_1_96' title='bbox 1663 752 1714 790; x_wconf 89' lang='lat' dir='ltr'>est</span> 
     </span>
     <span class='ocr_line' id='line_1_12' title="bbox 351 800 1716 855; baseline -0.003 -12"><span class='ocrx_word' id='word_1_97' title='bbox 351 804 515 855; x_wconf 86' lang='lat' dir='ltr'>„(Plin.)</span> <span class='ocrx_word' id='word_1_98' title='bbox 548 803 633 842; x_wconf 89' lang='lat' dir='ltr'>felle</span> <span class='ocrx_word' id='word_1_99' title='bbox 649 817 795 853; x_wconf 87' lang='lat' dir='ltr'>carere,</span> <span class='ocrx_word' id='word_1_100' title='bbox 821 803 898 842; x_wconf 89' lang='lat' dir='ltr'>hoc</span> <span class='ocrx_word' id='word_1_101' title='bbox 914 804 994 853; x_wconf 85' lang='lat' dir='ltr'>est‚·</span> <span class='ocrx_word' id='word_1_102' title='bbox 1020 817 1067 843; x_wconf 88' lang='lat' dir='ltr'>eo</span> <span class='ocrx_word' id='word_1_103' title='bbox 1089 803 1188 843; x_wconf 78' lang='lat' dir='ltr'>fellIs</span> <span class='ocrx_word' id='word_1_104' title='bbox 1214 800 1396 842; x_wconf 82' lang='lat' dir='ltr'>veficulo:</span> <span class='ocrx_word' id='word_1_105' title='bbox 1419 802 1578 842; x_wconf 84' lang='lat' dir='ltr'>alterum</span> <span class='ocrx_word' id='word_1_106' title='bbox 1602 801 1716 842; x_wconf 89' lang='lat' dir='ltr'>nihil-</span> 
     </span>
     <span class='ocr_line' id='line_1_13' title="bbox 350 852 1714 905; baseline -0.002 -12"><span class='ocrx_word' id='word_1_107' title='bbox 350 857 532 904; x_wconf 84' lang='lat' dir='ltr'>„ominus</span> <span class='ocrx_word' id='word_1_108' title='bbox 548 853 687 892; x_wconf 86' lang='lat' dir='ltr'>habent</span> <span class='ocrx_word' id='word_1_109' title='bbox 705 853 790 892; x_wconf 88' lang='lat' dir='ltr'>bilis</span> <span class='ocrx_word' id='word_1_110' title='bbox 815 854 1111 905; x_wconf 85' lang='lat' dir='ltr'>receptaculum,</span> <span class='ocrx_word' id='word_1_111' title='bbox 1143 866 1257 904; x_wconf 89' lang='lat' dir='ltr'>qvem</span> <span class='ocrx_word' id='word_1_112' title='bbox 1283 852 1384 900; x_wconf 62' lang='grc' dir='ltr'><em>πόρον</em></span> <span class='ocrx_word' id='word_1_113' title='bbox 1414 864 1572 903; x_wconf 85' lang='lat' dir='ltr'>vocant,</span> <span class='ocrx_word' id='word_1_114' title='bbox 1606 863 1714 891; x_wconf 78' lang='lat' dir='ltr'>cana-</span> 
     </span>
     <span class='ocr_line' id='line_1_14' title="bbox 348 903 1714 955; baseline -0.003 -12"><span class='ocrx_word' id='word_1_115' title='bbox 348 905 526 955; x_wconf 82' lang='lat' dir='ltr'>„lemqve</span> <span class='ocrx_word' id='word_1_116' title='bbox 541 903 747 953; x_wconf 81' lang='lat' dir='ltr'>biliarium,</span> <span class='ocrx_word' id='word_1_117' title='bbox 769 905 832 954; x_wconf 85' lang='lat' dir='ltr'>qvi</span> <span class='ocrx_word' id='word_1_118' title='bbox 849 903 895 942; x_wconf 91' lang='lat' dir='ltr'>ab</span> <span class='ocrx_word' id='word_1_119' title='bbox 911 907 1059 955; x_wconf 86' lang='lat' dir='ltr'>Hepate</span> <span class='ocrx_word' id='word_1_120' title='bbox 1071 903 1167 943; x_wconf 59' lang='lat' dir='ltr'>reita</span> <span class='ocrx_word' id='word_1_121' title='bbox 1186 903 1262 942; x_wconf 82' lang='lat' dir='ltr'>abit</span> <span class='ocrx_word' id='word_1_122' title='bbox 1278 904 1317 940; x_wconf 90' lang='lat' dir='ltr'>in</span> <span class='ocrx_word' id='word_1_123' title='bbox 1328 903 1612 942; x_wconf 84' lang='lat' dir='ltr'>intestinum—</span> <span class='ocrx_word' id='word_1_124' title='bbox 1630 903 1714 940; x_wconf 72' lang='lat' dir='ltr'>[unt</span> 
     </span>
    </p>

    <p class='ocr_par' dir='ltr' id='par_1_3' title="bbox 353 950 1713 1006">
     <span class='ocr_line' id='line_1_15' title="bbox 353 950 1713 1006; baseline -0.002 -14"><span class='ocrx_word' id='word_1_125' title='bbox 353 956 496 1006; x_wconf 85' lang='lat' dir='ltr'>„igitur</span> <span class='ocrx_word' id='word_1_126' title='bbox 511 953 595 992; x_wconf 88' lang='lat' dir='ltr'>bilis</span> <span class='ocrx_word' id='word_1_127' title='bbox 614 955 674 993; x_wconf 87' lang='lat' dir='ltr'>seu</span> <span class='ocrx_word' id='word_1_128' title='bbox 691 952 788 992; x_wconf 84' lang='lat' dir='ltr'>fellis</span> <span class='ocrx_word' id='word_1_129' title='bbox 805 954 885 992; x_wconf 74' lang='lat' dir='ltr'>vasa</span> <span class='ocrx_word' id='word_1_130' title='bbox 902 954 996 993; x_wconf 83' lang='lat' dir='ltr'>duo:</span> <span class='ocrx_word' id='word_1_131' title='bbox 1029 954 1193 993; x_wconf 85' lang='lat' dir='ltr'>Veficula</span> <span class='ocrx_word' id='word_1_132' title='bbox 1214 954 1251 991; x_wconf 71' lang='grc' dir='ltr'>δι</span> <span class='ocrx_word' id='word_1_133' title='bbox 1267 953 1414 991; x_wconf 84' lang='lat' dir='ltr'>canalis.</span> <span class='ocrx_word' id='word_1_134' title='bbox 1466 954 1576 992; x_wconf 74' lang='lat' dir='ltr'>Prius</span> <span class='ocrx_word' id='word_1_135' title='bbox 1591 950 1713 990; x_wconf 88' lang='lat' dir='ltr'>vitulo</span> 
     </span>
    </p>

    <p class='ocr_par' dir='ltr' id='par_1_4' title="bbox 351 1000 1713 1056">
     <span class='ocr_line' id='line_1_16' title="bbox 351 1000 1713 1056; baseline -0.003 -13"><span class='ocrx_word' id='word_1_136' title='bbox 351 1006 527 1056; x_wconf 84' lang='lat' dir='ltr'>„marino</span> <span class='ocrx_word' id='word_1_137' title='bbox 543 1004 695 1053; x_wconf 81' lang='lat' dir='ltr'>adimit,</span> <span class='ocrx_word' id='word_1_138' title='bbox 717 1001 910 1054; x_wconf 80' lang='lat' dir='ltr'>Philosopb.</span> <span class='ocrx_word' id='word_1_139' title='bbox 926 1003 1006 1043; x_wconf 83' lang='lat' dir='ltr'>Lib.</span> <span class='ocrx_word' id='word_1_140' title='bbox 1031 1018 1062 1044; x_wconf 88' lang='lat'>2.</span> <span class='ocrx_word' id='word_1_141' title='bbox 1083 1002 1173 1053; x_wconf 88' lang='lat' dir='ltr'>Hist</span> <span class='ocrx_word' id='word_1_142' title='bbox 1192 1000 1338 1042; x_wconf 62' lang='lat' dir='ltr'>animal.</span> <span class='ocrx_word' id='word_1_143' title='bbox 1365 1012 1441 1052; x_wconf 82' lang='lat' dir='ltr'>cap.</span> <span class='ocrx_word' id='word_1_144' title='bbox 1458 1010 1510 1050; x_wconf 78' lang='lat'>18.</span> <span class='ocrx_word' id='word_1_145' title='bbox 1544 1023 1618 1032; x_wconf 92' lang='lat'>-—</span> <span class='ocrx_word' id='word_1_146' title='bbox 1642 1014 1713 1053; x_wconf 86' lang='lat' dir='ltr'>po-</span> 
     </span>
    </p>

    <p class='ocr_par' dir='ltr' id='par_1_5' title="bbox 350 1050 1720 1106">
     <span class='ocr_line' id='line_1_17' title="bbox 350 1050 1720 1106; baseline -0.005 -12"><span class='ocrx_word' id='word_1_147' title='bbox 350 1056 507 1106; x_wconf 74' lang='lat' dir='ltr'>„sterius</span> <span class='ocrx_word' id='word_1_148' title='bbox 524 1067 600 1092; x_wconf 87' lang='lat' dir='ltr'>non</span> <span class='ocrx_word' id='word_1_149' title='bbox 618 1065 752 1105; x_wconf 83' lang='lat' dir='ltr'>negat„</span> <span class='ocrx_word' id='word_1_150' title='bbox 873 1053 1012 1093; x_wconf 80' lang='lat' dir='ltr'>etiamsi</span> <span class='ocrx_word' id='word_1_151' title='bbox 1029 1055 1164 1094; x_wconf 79' lang='lat' dir='ltr'>canalis</span> <span class='ocrx_word' id='word_1_152' title='bbox 1179 1053 1346 1092; x_wconf 84' lang='lat' dir='ltr'>biliarius</span> <span class='ocrx_word' id='word_1_153' title='bbox 1362 1065 1439 1091; x_wconf 89' lang='lat' dir='ltr'>non</span> <span class='ocrx_word' id='word_1_154' title='bbox 1457 1053 1555 1092; x_wconf 66' lang='lat' dir='ltr'>reela</span> <span class='ocrx_word' id='word_1_155' title='bbox 1565 1050 1661 1091; x_wconf 82' lang='lat' dir='ltr'>abiat</span> <span class='ocrx_word' id='word_1_156' title='bbox 1677 1054 1720 1091; x_wconf 65' lang='lat' dir='ltr'>in⁴</span> 
     </span>
    </p>

    <p class='ocr_par' dir='ltr' id='par_1_6' title="bbox 351 1102 1713 1152">
     <span class='ocr_line' id='line_1_18' title="bbox 351 1102 1713 1152; baseline -0.004 -8"><span class='ocrx_word' id='word_1_157' title='bbox 351 1106 586 1150; x_wconf 76' lang='lat' dir='ltr'>intestinum,</span> <span class='ocrx_word' id='word_1_158' title='bbox 611 1105 672 1143; x_wconf 88' lang='lat' dir='ltr'>sed</span> <span class='ocrx_word' id='word_1_159' title='bbox 694 1103 823 1144; x_wconf 61' lang='lat' dir='ltr'>duestui</span> <span class='ocrx_word' id='word_1_160' title='bbox 843 1105 1082 1143; x_wconf 78' lang='lat' dir='ltr'>Pancreatico</span> <span class='ocrx_word' id='word_1_161' title='bbox 1098 1104 1297 1148; x_wconf 57' lang='lat' dir='ltr'>instratum</span> <span class='ocrx_word' id='word_1_162' title='bbox 1324 1102 1548 1142; x_wconf 87' lang='lat' dir='ltr'>Conferatur</span> <span class='ocrx_word' id='word_1_163' title='bbox 1564 1102 1713 1152; x_wconf 84' lang='lat' dir='ltr'>insuper</span> 
     </span>
    </p>

    <p class='ocr_par' dir='ltr' id='par_1_7' title="bbox 348 1150 1714 1204">
     <span class='ocr_line' id='line_1_19' title="bbox 348 1150 1714 1204; baseline -0.004 -10"><span class='ocrx_word' id='word_1_164' title='bbox 348 1150 547 1194; x_wconf 79' lang='lat' dir='ltr'>Clarissimi</span> <span class='ocrx_word' id='word_1_165' title='bbox 573 1155 753 1204; x_wconf 75' lang='lat' dir='ltr'>Wygandi</span> <span class='ocrx_word' id='word_1_166' title='bbox 774 1153 998 1194; x_wconf 86' lang='lat' dir='ltr'>Observatio</span> <span class='ocrx_word' id='word_1_167' title='bbox 1009 1157 1047 1193; x_wconf 89' lang='lat' dir='ltr'>in</span> <span class='ocrx_word' id='word_1_168' title='bbox 1063 1153 1305 1204; x_wconf 83' lang='lat' dir='ltr'>Supplemento</span> <span class='ocrx_word' id='word_1_169' title='bbox 1323 1154 1345 1191; x_wconf 93' lang='lat' dir='ltr'><em>I</em></span> <span class='ocrx_word' id='word_1_170' title='bbox 1352 1154 1390 1191; x_wconf 90' lang='lat' dir='ltr'>V.</span> <span class='ocrx_word' id='word_1_171' title='bbox 1402 1152 1539 1193; x_wconf 67' lang='lat' dir='ltr'>Colleet.</span> <span class='ocrx_word' id='word_1_172' title='bbox 1561 1150 1714 1192; x_wconf 76' lang='lat' dir='ltr'>thisl.</span> 
     </span>
    </p>

    <p class='ocr_par' dir='ltr' id='par_1_8' title="bbox 349 1200 1714 1256">
     <span class='ocr_line' id='line_1_20' title="bbox 349 1200 1714 1256; baseline -0.003 -12"><span class='ocrx_word' id='word_1_173' title='bbox 349 1204 548 1253; x_wconf 81' lang='lat' dir='ltr'>ibidemqve</span> <span class='ocrx_word' id='word_1_174' title='bbox 559 1214 643 1255; x_wconf 81' lang='lat' dir='ltr'>pag.</span> <span class='ocrx_word' id='word_1_175' title='bbox 653 1216 720 1256; x_wconf 76' lang='lat'>52.</span> <span class='ocrx_word' id='word_1_176' title='bbox 778 1205 940 1243; x_wconf 79' lang='lat' dir='ltr'>Artedus</span> <span class='ocrx_word' id='word_1_177' title='bbox 954 1218 1104 1255; x_wconf 85' lang='lat' dir='ltr'>qvoqve</span> <span class='ocrx_word' id='word_1_178' title='bbox 1126 1206 1164 1243; x_wconf 88' lang='lat' dir='ltr'>in</span> <span class='ocrx_word' id='word_1_179' title='bbox 1181 1202 1273 1244; x_wconf 86' lang='lat' dir='ltr'><em>Phil.</em></span> <span class='ocrx_word' id='word_1_180' title='bbox 1295 1201 1441 1251; x_wconf 69' lang='lat' dir='ltr'>Ichtyol.</span> <span class='ocrx_word' id='word_1_181' title='bbox 1465 1213 1499 1254; x_wconf 86' lang='lat' dir='ltr'>p.</span> <span class='ocrx_word' id='word_1_182' title='bbox 1512 1215 1573 1253; x_wconf 76' lang='lat'>30.</span> <span class='ocrx_word' id='word_1_183' title='bbox 1611 1200 1714 1241; x_wconf 85' lang='lat' dir='ltr'>Veli-</span> 
     </span>
    </p>

    <p class='ocr_par' dir='ltr' id='par_1_9' title="bbox 348 1252 1715 1357">
     <span class='ocr_line' id='line_1_21' title="bbox 349 1252 1715 1305; baseline -0.002 -12"><span class='ocrx_word' id='word_1_184' title='bbox 349 1268 432 1294; x_wconf 84' lang='lat' dir='ltr'>cam</span> <span class='ocrx_word' id='word_1_185' title='bbox 448 1253 544 1293; x_wconf 85' lang='lat' dir='ltr'>fellis</span> <span class='ocrx_word' id='word_1_186' title='bbox 561 1258 599 1293; x_wconf 77' lang='lat' dir='ltr'>ln</span> <span class='ocrx_word' id='word_1_187' title='bbox 619 1254 796 1294; x_wconf 84' lang='lat' dir='ltr'>omnibus</span> <span class='ocrx_word' id='word_1_188' title='bbox 818 1255 980 1305; x_wconf 86' lang='lat' dir='ltr'>piscibus</span> <span class='ocrx_word' id='word_1_189' title='bbox 997 1255 1118 1294; x_wconf 73' lang='lat' dir='ltr'>adesse</span> <span class='ocrx_word' id='word_1_190' title='bbox 1138 1254 1285 1302; x_wconf 85' lang='lat' dir='ltr'>scribit,</span> <span class='ocrx_word' id='word_1_191' title='bbox 1321 1254 1382 1292; x_wconf 87' lang='lat' dir='ltr'>sed</span> <span class='ocrx_word' id='word_1_192' title='bbox 1406 1253 1451 1293; x_wconf 87' lang='lat' dir='ltr'>ad</span> <span class='ocrx_word' id='word_1_193' title='bbox 1474 1252 1581 1293; x_wconf 87' lang='lat' dir='ltr'>fitum</span> <span class='ocrx_word' id='word_1_194' title='bbox 1606 1253 1715 1291; x_wconf 88' lang='lat' dir='ltr'>suum-</span> 
     </span>
     <span class='ocr_line' id='line_1_22' title="bbox 348 1302 1715 1357; baseline -0.002 -13"><span class='ocrx_word' id='word_1_195' title='bbox 348 1305 531 1344; x_wconf 73' lang='lat' dir='ltr'>diversam</span> <span class='ocrx_word' id='word_1_196' title='bbox 542 1336 552 1353; x_wconf 86' lang='lat'>‚</span> <span class='ocrx_word' id='word_1_197' title='bbox 572 1317 612 1344; x_wconf 88' lang='lat' dir='ltr'>ut</span> <span class='ocrx_word' id='word_1_198' title='bbox 630 1307 667 1343; x_wconf 90' lang='lat' dir='ltr'>in</span> <span class='ocrx_word' id='word_1_199' title='bbox 677 1304 933 1355; x_wconf 82' lang='lat' dir='ltr'>Cartilagineis</span> <span class='ocrx_word' id='word_1_200' title='bbox 951 1305 1015 1357; x_wconf 85' lang='lat' dir='ltr'>ipfi</span> <span class='ocrx_word' id='word_1_201' title='bbox 1028 1307 1168 1355; x_wconf 82' lang='lat' dir='ltr'>Hepati</span> <span class='ocrx_word' id='word_1_202' title='bbox 1184 1303 1395 1342; x_wconf 85' lang='lat' dir='ltr'>immersam</span> <span class='ocrx_word' id='word_1_203' title='bbox 1407 1319 1417 1349; x_wconf 90' lang='lat'>;</span> <span class='ocrx_word' id='word_1_204' title='bbox 1429 1304 1533 1342; x_wconf 88' lang='lat' dir='ltr'>idem</span> <span class='ocrx_word' id='word_1_205' title='bbox 1551 1303 1599 1342; x_wconf 80' lang='lat' dir='ltr'>est</span> <span class='ocrx_word' id='word_1_206' title='bbox 1611 1302 1715 1352; x_wconf 78' lang='lat' dir='ltr'>qvod</span> 
     </span>
    </p>

    <p class='ocr_par' dir='ltr' id='par_1_10' title="bbox 348 1351 1714 1406">
     <span class='ocr_line' id='line_1_23' title="bbox 348 1351 1714 1406; baseline -0.003 -12"><span class='ocrx_word' id='word_1_207' title='bbox 348 1353 577 1394; x_wconf 80' lang='lat' dir='ltr'>Rondeletius</span> <span class='ocrx_word' id='word_1_208' title='bbox 592 1355 670 1394; x_wconf 83' lang='lat' dir='ltr'>Lib.</span> <span class='ocrx_word' id='word_1_209' title='bbox 688 1356 756 1394; x_wconf 92' lang='lat' dir='ltr'>III.</span> <span class='ocrx_word' id='word_1_210' title='bbox 774 1365 846 1404; x_wconf 77' lang='lat' dir='ltr'>cap.</span> <span class='ocrx_word' id='word_1_211' title='bbox 864 1356 952 1394; x_wconf 88' lang='lat' dir='ltr'>XX.</span> <span class='ocrx_word' id='word_1_212' title='bbox 1063 1358 1131 1405; x_wconf 87' lang='lat' dir='ltr'>„ln</span> <span class='ocrx_word' id='word_1_213' title='bbox 1149 1355 1282 1405; x_wconf 86' lang='lat' dir='ltr'>qvibus</span> <span class='ocrx_word' id='word_1_214' title='bbox 1296 1355 1440 1405; x_wconf 88' lang='lat' dir='ltr'>Hepati</span> <span class='ocrx_word' id='word_1_215' title='bbox 1462 1353 1527 1406; x_wconf 85' lang='lat' dir='ltr'>ipfi</span> <span class='ocrx_word' id='word_1_216' title='bbox 1546 1351 1633 1400; x_wconf 83' lang='lat' dir='ltr'>(fel)</span> <span class='ocrx_word' id='word_1_217' title='bbox 1649 1352 1714 1391; x_wconf 85' lang='lat' dir='ltr'>ad-</span> 
     </span>
    </p>

    <p class='ocr_par' dir='ltr' id='par_1_11' title="bbox 348 1404 1714 1457">
     <span class='ocr_line' id='line_1_24' title="bbox 348 1404 1714 1457; baseline -0.002 -14"><span class='ocrx_word' id='word_1_218' title='bbox 348 1405 490 1456; x_wconf 73' lang='lat' dir='ltr'>„haeret</span> <span class='ocrx_word' id='word_1_219' title='bbox 506 1436 517 1455; x_wconf 89' lang='lat'>,</span> <span class='ocrx_word' id='word_1_220' title='bbox 573 1405 630 1443; x_wconf 92' lang='lat' dir='ltr'>vel</span> <span class='ocrx_word' id='word_1_221' title='bbox 656 1406 705 1444; x_wconf 89' lang='lat' dir='ltr'>est</span> <span class='ocrx_word' id='word_1_222' title='bbox 728 1408 766 1443; x_wconf 89' lang='lat' dir='ltr'>in</span> <span class='ocrx_word' id='word_1_223' title='bbox 792 1404 899 1456; x_wconf 82' lang='lat' dir='ltr'>ipfius</span> <span class='ocrx_word' id='word_1_224' title='bbox 921 1406 1062 1444; x_wconf 84' lang='lat' dir='ltr'>summa</span> <span class='ocrx_word' id='word_1_225' title='bbox 1088 1417 1191 1457; x_wconf 84' lang='lat' dir='ltr'>parte</span> <span class='ocrx_word' id='word_1_226' title='bbox 1224 1418 1290 1456; x_wconf 88' lang='lat' dir='ltr'>per</span> <span class='ocrx_word' id='word_1_227' title='bbox 1315 1404 1466 1444; x_wconf 85' lang='lat' dir='ltr'>venulas</span> <span class='ocrx_word' id='word_1_228' title='bbox 1496 1404 1611 1443; x_wconf 86' lang='lat' dir='ltr'>bilem</span> <span class='ocrx_word' id='word_1_229' title='bbox 1639 1414 1714 1441; x_wconf 85' lang='lat' dir='ltr'>tra-</span> 
     </span>
    </p>

    <p class='ocr_par' dir='ltr' id='par_1_12' title="bbox 349 1454 1711 1507">
     <span class='ocr_line' id='line_1_25' title="bbox 349 1454 1711 1507; baseline -0.002 -13"><span class='ocrx_word' id='word_1_230' title='bbox 349 1455 492 1506; x_wconf 85' lang='lat' dir='ltr'>„hens,</span> <span class='ocrx_word' id='word_1_231' title='bbox 518 1454 576 1493; x_wconf 91' lang='lat' dir='ltr'>vel</span> <span class='ocrx_word' id='word_1_232' title='bbox 597 1457 634 1494; x_wconf 88' lang='lat' dir='ltr'>in</span> <span class='ocrx_word' id='word_1_233' title='bbox 651 1457 725 1507; x_wconf 88' lang='lat' dir='ltr'>ipsa</span> <span class='ocrx_word' id='word_1_234' title='bbox 743 1456 793 1494; x_wconf 87' lang='lat' dir='ltr'>est</span> <span class='ocrx_word' id='word_1_235' title='bbox 821 1455 966 1506; x_wconf 81' lang='lat' dir='ltr'>hepatis</span> <span class='ocrx_word' id='word_1_236' title='bbox 995 1456 1188 1494; x_wconf 77' lang='lat' dir='ltr'>lhbstantia</span> <span class='ocrx_word' id='word_1_237' title='bbox 1210 1457 1246 1494; x_wconf 73' lang='grc' dir='ltr'>ἀ</span> <span class='ocrx_word' id='word_1_238' title='bbox 1272 1457 1310 1493; x_wconf 90' lang='lat' dir='ltr'>in</span> <span class='ocrx_word' id='word_1_239' title='bbox 1335 1454 1476 1504; x_wconf 60' lang='lat' dir='ltr'>etz-fic,</span> <span class='ocrx_word' id='word_1_240' title='bbox 1513 1454 1711 1494; x_wconf 84' lang='lat' dir='ltr'>immersus</span> 
     </span>
    </p>

    <p class='ocr_par' dir='ltr' id='par_1_13' title="bbox 348 1504 1503 1556">
     <span class='ocr_line' id='line_1_26' title="bbox 348 1504 1503 1556; baseline 0 -12"><span class='ocrx_word' id='word_1_241' title='bbox 348 1506 412 1556; x_wconf 53' lang='grc' dir='ltr'>,βε</span> <span class='ocrx_word' id='word_1_242' title='bbox 427 1505 604 1554; x_wconf 87' lang='lat' dir='ltr'>obrutus,</span> <span class='ocrx_word' id='word_1_243' title='bbox 622 1518 662 1544; x_wconf 89' lang='lat' dir='ltr'>nt</span> <span class='ocrx_word' id='word_1_244' title='bbox 684 1508 747 1543; x_wconf 83' lang='lat' dir='ltr'>vix</span> <span class='ocrx_word' id='word_1_245' title='bbox 766 1517 958 1556; x_wconf 80' lang='lat' dir='ltr'>appareat,</span> <span class='ocrx_word' id='word_1_246' title='bbox 986 1505 1050 1544; x_wconf 81' lang='lat' dir='ltr'>nisi</span> <span class='ocrx_word' id='word_1_247' title='bbox 1066 1507 1263 1555; x_wconf 87' lang='lat' dir='ltr'>conqviras</span> <span class='ocrx_word' id='word_1_248' title='bbox 1279 1504 1503 1554; x_wconf 84' lang='lat' dir='ltr'>curiofius.„</span> 
     </span>
    </p>
   </div>
   <div class='ocr_carea' id='block_1_3' title="bbox 245 1560 1713 2117">
    <p class='ocr_par' dir='ltr' id='par_1_14' title="bbox 245 1560 1713 2117">
     <span class='ocr_line' id='line_1_27' title="bbox 245 1560 1713 1613; baseline -0.003 -8"><span class='ocrx_word' id='word_1_249' title='bbox 245 1566 345 1607; x_wconf 85' lang='lat' dir='ltr'>XXI.</span> <span class='ocrx_word' id='word_1_250' title='bbox 387 1562 565 1603; x_wconf 76' lang='lat' dir='ltr'>Glandula</span> <span class='ocrx_word' id='word_1_251' title='bbox 589 1566 775 1603; x_wconf 78' lang='lat' dir='ltr'>Mammas</span> <span class='ocrx_word' id='word_1_252' title='bbox 797 1562 902 1611; x_wconf 61' lang='lat' dir='ltr'>hlfjlts</span> <span class='ocrx_word' id='word_1_253' title='bbox 921 1564 1029 1613; x_wconf 78' lang='lat' dir='ltr'>piscis</span> <span class='ocrx_word' id='word_1_254' title='bbox 1041 1564 1202 1611; x_wconf 73' lang='lat' dir='ltr'>format.</span> <span class='ocrx_word' id='word_1_255' title='bbox 1250 1563 1399 1612; x_wconf 73' lang='lat' dir='ltr'>Aristot.</span> <span class='ocrx_word' id='word_1_256' title='bbox 1418 1564 1495 1605; x_wconf 83' lang='lat' dir='ltr'>Lib.</span> <span class='ocrx_word' id='word_1_257' title='bbox 1517 1577 1553 1603; x_wconf 60' lang='lat'>2·</span> <span class='ocrx_word' id='word_1_258' title='bbox 1566 1560 1713 1611; x_wconf 77' lang='lat' dir='ltr'>deHzst..</span> 
     </span>
     <span class='ocr_line' id='line_1_28' title="bbox 343 1614 1712 1666; baseline -0.001 -13"><span class='ocrx_word' id='word_1_259' title='bbox 343 1616 413 1654; x_wconf 83' lang='lat' dir='ltr'>An.</span> <span class='ocrx_word' id='word_1_260' title='bbox 431 1625 504 1664; x_wconf 73' lang='lat' dir='ltr'>cap.</span> <span class='ocrx_word' id='word_1_261' title='bbox 523 1627 574 1664; x_wconf 74' lang='lat'>13.</span> <span class='ocrx_word' id='word_1_262' title='bbox 607 1615 817 1666; x_wconf 87' lang='lat' dir='ltr'>Delphinus</span> <span class='ocrx_word' id='word_1_263' title='bbox 839 1628 914 1652; x_wconf 86' lang='lat' dir='ltr'>non</span> <span class='ocrx_word' id='word_1_264' title='bbox 939 1614 1051 1653; x_wconf 82' lang='lat' dir='ltr'>habet</span> <span class='ocrx_word' id='word_1_265' title='bbox 1077 1614 1228 1665; x_wconf 83' lang='lat' dir='ltr'>papillas</span> <span class='ocrx_word' id='word_1_266' title='bbox 1259 1615 1465 1655; x_wconf 77' lang='lat' dir='ltr'>manifestas</span> <span class='ocrx_word' id='word_1_267' title='bbox 1484 1646 1497 1664; x_wconf 85' lang='lat'>‚</span> <span class='ocrx_word' id='word_1_268' title='bbox 1550 1614 1712 1664; x_wconf 84' lang='lat' dir='ltr'>qvadru-</span> 
     </span>
     <span class='ocr_line' id='line_1_29' title="bbox 346 1664 1709 1716; baseline -0.001 -14"><span class='ocrx_word' id='word_1_269' title='bbox 346 1672 348 1674; x_wconf 79' lang='grc'>’</span> <span class='ocrx_word' id='word_1_270' title='bbox 395 1665 485 1703; x_wconf 88' lang='lat' dir='ltr'>dum</span> <span class='ocrx_word' id='word_1_271' title='bbox 504 1664 643 1714; x_wconf 90' lang='lat' dir='ltr'>modo,</span> <span class='ocrx_word' id='word_1_272' title='bbox 664 1666 727 1703; x_wconf 78' lang='lat' dir='ltr'>led</span> <span class='ocrx_word' id='word_1_273' title='bbox 750 1665 865 1704; x_wconf 82' lang='lat' dir='ltr'>veluti</span> <span class='ocrx_word' id='word_1_274' title='bbox 883 1665 1025 1703; x_wconf 83' lang='lat' dir='ltr'>rivulos</span> <span class='ocrx_word' id='word_1_275' title='bbox 1042 1665 1138 1704; x_wconf 82' lang='lat' dir='ltr'>duos</span> <span class='ocrx_word' id='word_1_276' title='bbox 1162 1667 1334 1715; x_wconf 69' lang='lat' dir='ltr'>uti-inqve</span> <span class='ocrx_word' id='word_1_277' title='bbox 1356 1665 1538 1716; x_wconf 74' lang='lat' dir='ltr'>fingulos,</span> <span class='ocrx_word' id='word_1_278' title='bbox 1564 1679 1611 1703; x_wconf 79' lang='lat' dir='ltr'>ex</span> <span class='ocrx_word' id='word_1_279' title='bbox 1626 1665 1709 1712; x_wconf 85' lang='lat' dir='ltr'>qui-</span> 
     </span>
     <span class='ocr_line' id='line_1_30' title="bbox 344 1678 1711 1765; baseline -0.002 -11"><span class='ocrx_word' id='word_1_280' title='bbox 344 1678 414 1754; x_wconf 55' lang='grc' dir='ltr'>Εἰς</span> <span class='ocrx_word' id='word_1_281' title='bbox 434 1714 488 1754; x_wconf 88' lang='lat' dir='ltr'>lac</span> <span class='ocrx_word' id='word_1_282' title='bbox 508 1716 610 1761; x_wconf 85' lang='lat' dir='ltr'>fluit,</span> <span class='ocrx_word' id='word_1_283' title='bbox 643 1715 749 1764; x_wconf 81' lang='lat' dir='ltr'>quod</span> <span class='ocrx_word' id='word_1_284' title='bbox 766 1729 786 1755; x_wconf 90' lang='lat' dir='ltr'>a</span> <span class='ocrx_word' id='word_1_285' title='bbox 801 1714 1024 1755; x_wconf 62' lang='lat' dir='ltr'>sediantibus</span> <span class='ocrx_word' id='word_1_286' title='bbox 1046 1714 1176 1754; x_wconf 84' lang='lat' dir='ltr'>catulis</span> <span class='ocrx_word' id='word_1_287' title='bbox 1194 1715 1347 1765; x_wconf 74' lang='lat' dir='ltr'>lugitur.</span> <span class='ocrx_word' id='word_1_288' title='bbox 1416 1714 1597 1755; x_wconf 73' lang='lat' dir='ltr'>Roudelet.</span> <span class='ocrx_word' id='word_1_289' title='bbox 1626 1712 1711 1753; x_wconf 86' lang='lat' dir='ltr'>Lib.</span> 
     </span>
     <span class='ocr_line' id='line_1_31' title="bbox 343 1764 1711 1816; baseline -0.001 -12"><span class='ocrx_word' id='word_1_290' title='bbox 343 1766 414 1804; x_wconf 89' lang='lat' dir='ltr'>III.</span> <span class='ocrx_word' id='word_1_291' title='bbox 435 1775 509 1815; x_wconf 78' lang='lat' dir='ltr'>cap.</span> <span class='ocrx_word' id='word_1_292' title='bbox 525 1766 674 1804; x_wconf 87' lang='lat' dir='ltr'><em>XXIII.</em></span> <span class='ocrx_word' id='word_1_293' title='bbox 825 1768 941 1815; x_wconf 85' lang='lat' dir='ltr'>„Non</span> <span class='ocrx_word' id='word_1_294' title='bbox 959 1765 1080 1804; x_wconf 82' lang='lat' dir='ltr'>solum</span> <span class='ocrx_word' id='word_1_295' title='bbox 1100 1764 1299 1816; x_wconf 86' lang='lat' dir='ltr'>Delphini,</span> <span class='ocrx_word' id='word_1_296' title='bbox 1350 1764 1413 1804; x_wconf 91' lang='lat' dir='ltr'>sed</span> <span class='ocrx_word' id='word_1_297' title='bbox 1442 1767 1479 1805; x_wconf 69' lang='grc' dir='ltr'>ἃ</span> <span class='ocrx_word' id='word_1_298' title='bbox 1506 1766 1650 1805; x_wconf 77' lang='lat' dir='ltr'>Balaenae</span> <span class='ocrx_word' id='word_1_299' title='bbox 1672 1764 1711 1802; x_wconf 83' lang='lat'>&amp;</span> 
     </span>
     <span class='ocr_line' id='line_1_32' title="bbox 341 1814 1709 1867; baseline -0.001 -13"><span class='ocrx_word' id='word_1_300' title='bbox 341 1815 477 1867; x_wconf 83' lang='lat' dir='ltr'>„vituli</span> <span class='ocrx_word' id='word_1_301' title='bbox 495 1817 629 1854; x_wconf 78' lang='lat' dir='ltr'>marini</span> <span class='ocrx_word' id='word_1_302' title='bbox 654 1814 800 1867; x_wconf 84' lang='lat' dir='ltr'>papillis</span> <span class='ocrx_word' id='word_1_303' title='bbox 823 1826 969 1854; x_wconf 85' lang='lat' dir='ltr'>carent:</span> <span class='ocrx_word' id='word_1_304' title='bbox 993 1817 1031 1854; x_wconf 89' lang='lat' dir='ltr'>in</span> <span class='ocrx_word' id='word_1_305' title='bbox 1055 1815 1232 1854; x_wconf 89' lang='lat' dir='ltr'>omnibus</span> <span class='ocrx_word' id='word_1_306' title='bbox 1258 1817 1360 1854; x_wconf 85' lang='lat' dir='ltr'>enim</span> <span class='ocrx_word' id='word_1_307' title='bbox 1389 1815 1589 1867; x_wconf 85' lang='lat' dir='ltr'>diligenter</span> <span class='ocrx_word' id='word_1_308' title='bbox 1617 1826 1709 1866; x_wconf 43' lang='lat' dir='ltr'>pro*-</span> 
     </span>
     <span class='ocr_line' id='line_1_33' title="bbox 339 1866 1707 1917; baseline -0.001 -13"><span class='ocrx_word' id='word_1_309' title='bbox 339 1867 488 1917; x_wconf 77' lang='lat' dir='ltr'>„spexit</span> <span class='ocrx_word' id='word_1_310' title='bbox 508 1877 657 1914; x_wconf 84' lang='lat' dir='ltr'>natura,</span> <span class='ocrx_word' id='word_1_311' title='bbox 700 1878 746 1903; x_wconf 86' lang='lat' dir='ltr'>ne</span> <span class='ocrx_word' id='word_1_312' title='bbox 771 1866 860 1914; x_wconf 87' lang='lat' dir='ltr'>qvid</span> <span class='ocrx_word' id='word_1_313' title='bbox 889 1868 1088 1904; x_wconf 80' lang='lat' dir='ltr'>natationis</span> <span class='ocrx_word' id='word_1_314' title='bbox 1110 1866 1312 1917; x_wconf 88' lang='lat' dir='ltr'>impulsum</span> <span class='ocrx_word' id='word_1_315' title='bbox 1336 1866 1373 1904; x_wconf 82' lang='lat'>&amp;</span> <span class='ocrx_word' id='word_1_316' title='bbox 1401 1867 1560 1905; x_wconf 87' lang='lat' dir='ltr'>modum</span> <span class='ocrx_word' id='word_1_317' title='bbox 1586 1867 1707 1916; x_wconf 90' lang='lat' dir='ltr'>impe-</span> 
     </span>
     <span class='ocr_line' id='line_1_34' title="bbox 339 1915 1707 1966; baseline -0.001 -12"><span class='ocrx_word' id='word_1_318' title='bbox 339 1917 486 1966; x_wconf 88' lang='lat' dir='ltr'>„diret;</span> <span class='ocrx_word' id='word_1_319' title='bbox 514 1936 586 1945; x_wconf 88' lang='lat'><strong>—</strong></span> <span class='ocrx_word' id='word_1_320' title='bbox 615 1915 752 1954; x_wconf 86' lang='lat' dir='ltr'>Eadem</span> <span class='ocrx_word' id='word_1_321' title='bbox 774 1917 937 1966; x_wconf 87' lang='lat' dir='ltr'>partium</span> <span class='ocrx_word' id='word_1_322' title='bbox 957 1916 1151 1955; x_wconf 77' lang='lat' dir='ltr'>substantia</span> <span class='ocrx_word' id='word_1_323' title='bbox 1169 1929 1339 1954; x_wconf 78' lang='lat' dir='ltr'>mammae</span> <span class='ocrx_word' id='word_1_324' title='bbox 1358 1918 1396 1954; x_wconf 90' lang='lat' dir='ltr'>in</span> <span class='ocrx_word' id='word_1_325' title='bbox 1416 1916 1594 1956; x_wconf 84' lang='lat' dir='ltr'>omnibus</span> <span class='ocrx_word' id='word_1_326' title='bbox 1613 1927 1707 1954; x_wconf 91' lang='lat' dir='ltr'>con-</span> 
     </span>
     <span class='ocr_line' id='line_1_35' title="bbox 341 1965 1707 2018; baseline -0.003 -12"><span class='ocrx_word' id='word_1_327' title='bbox 341 1967 485 2017; x_wconf 83' lang='lat' dir='ltr'>,‚stant,</span> <span class='ocrx_word' id='word_1_328' title='bbox 516 1966 621 2004; x_wconf 86' lang='lat' dir='ltr'>venis</span> <span class='ocrx_word' id='word_1_329' title='bbox 642 1967 859 2015; x_wconf 84' lang='lat' dir='ltr'>arteriisqve</span> <span class='ocrx_word' id='word_1_330' title='bbox 874 1966 1070 2017; x_wconf 87' lang='lat' dir='ltr'>permultis</span> <span class='ocrx_word' id='word_1_331' title='bbox 1088 1968 1126 2004; x_wconf 88' lang='lat' dir='ltr'>in</span> <span class='ocrx_word' id='word_1_332' title='bbox 1148 1979 1306 2018; x_wconf 85' lang='lat' dir='ltr'>corpora</span> <span class='ocrx_word' id='word_1_333' title='bbox 1325 1966 1538 2016; x_wconf 81' lang='lat' dir='ltr'>glandulosa</span> <span class='ocrx_word' id='word_1_334' title='bbox 1565 1966 1600 2005; x_wconf 71' lang='lat' dir='ltr'>&lt;St</span> <span class='ocrx_word' id='word_1_335' title='bbox 1627 1965 1707 2004; x_wconf 88' lang='lat' dir='ltr'>adi-</span> 
     </span>
     <span class='ocr_line' id='line_1_36' title="bbox 339 2013 1709 2068; baseline -0.001 -14"><span class='ocrx_word' id='word_1_336' title='bbox 339 2030 455 2068; x_wconf 85' lang='lat' dir='ltr'>„pem</span> <span class='ocrx_word' id='word_1_337' title='bbox 479 2013 738 2056; x_wconf 79' lang='lat' dir='ltr'>defluentibus.</span> <span class='ocrx_word' id='word_1_338' title='bbox 806 2018 882 2055; x_wconf 86' lang='lat' dir='ltr'>Lac</span> <span class='ocrx_word' id='word_1_339' title='bbox 904 2016 1154 2066; x_wconf 76' lang='lat' dir='ltr'>compressum</span> <span class='ocrx_word' id='word_1_340' title='bbox 1181 2019 1425 2068; x_wconf 86' lang='lat' dir='ltr'>exprimitur,</span> <span class='ocrx_word' id='word_1_341' title='bbox 1466 2018 1570 2068; x_wconf 91' lang='lat' dir='ltr'>qvod</span> <span class='ocrx_word' id='word_1_342' title='bbox 1593 2014 1709 2055; x_wconf 75' lang='lat' dir='ltr'>catuli</span> 
     </span>
     <span class='ocr_line' id='line_1_37' title="bbox 339 2064 1442 2117; baseline 0 -11"><span class='ocrx_word' id='word_1_343' title='bbox 339 2080 435 2117; x_wconf 83' lang='lat' dir='ltr'>„ore</span> <span class='ocrx_word' id='word_1_344' title='bbox 450 2067 682 2117; x_wconf 84' lang='lat' dir='ltr'>excipiunt.„</span> <span class='ocrx_word' id='word_1_345' title='bbox 805 2064 950 2106; x_wconf 86' lang='lat' dir='ltr'>confer.</span> <span class='ocrx_word' id='word_1_346' title='bbox 975 2066 1124 2117; x_wconf 75' lang='lat' dir='ltr'>Tyfhnis</span> <span class='ocrx_word' id='word_1_347' title='bbox 1144 2065 1312 2106; x_wconf 75' lang='lat' dir='ltr'><em>Phocaena</em></span> <span class='ocrx_word' id='word_1_348' title='bbox 1327 2077 1362 2117; x_wconf 83' lang='lat' dir='ltr'>p.</span> <span class='ocrx_word' id='word_1_349' title='bbox 1383 2075 1442 2114; x_wconf 70' lang='lat'>28.</span> 
     </span>
    </p>
   </div>
   <div class='ocr_carea' id='block_1_4' title="bbox 236 2126 1822 2379">
    <p class='ocr_par' dir='ltr' id='par_1_15' title="bbox 236 2126 1703 2179">
     <span class='ocr_line' id='line_1_38' title="bbox 236 2126 1703 2179; baseline -0.003 -9"><span class='ocrx_word' id='word_1_350' title='bbox 236 2130 354 2170; x_wconf 73' lang='lat' dir='ltr'>XXV.</span> <span class='ocrx_word' id='word_1_351' title='bbox 412 2126 623 2166; x_wconf 80' lang='lat' dir='ltr'>Vermiculis</span> <span class='ocrx_word' id='word_1_352' title='bbox 646 2129 855 2167; x_wconf 79' lang='lat' dir='ltr'>innumeris.</span> <span class='ocrx_word' id='word_1_353' title='bbox 932 2130 1023 2167; x_wconf 92' lang='lat' dir='ltr'>Duo</span> <span class='ocrx_word' id='word_1_354' title='bbox 1053 2141 1186 2167; x_wconf 90' lang='lat' dir='ltr'>eorum</span> <span class='ocrx_word' id='word_1_355' title='bbox 1206 2130 1243 2166; x_wconf 90' lang='lat' dir='ltr'>in</span> <span class='ocrx_word' id='word_1_356' title='bbox 1271 2128 1530 2179; x_wconf 80' lang='lat' dir='ltr'>magnitudine</span> <span class='ocrx_word' id='word_1_357' title='bbox 1554 2137 1703 2166; x_wconf 81' lang='lat' dir='ltr'>natura-</span> 
     </span>
    </p>

    <p class='ocr_par' dir='ltr' id='par_1_16' title="bbox 308 2177 1822 2330">
     <span class='ocr_line' id='line_1_39' title="bbox 308 2177 1822 2230; baseline 0.002 -15"><span class='ocrx_word' id='word_1_358' title='bbox 308 2201 310 2203; x_wconf 88' lang='lat'>·</span> <span class='ocrx_word' id='word_1_359' title='bbox 336 2178 383 2221; x_wconf 85' lang='lat' dir='ltr'>]i;</span> <span class='ocrx_word' id='word_1_360' title='bbox 416 2180 569 2225; x_wconf 81' lang='lat' dir='ltr'>tertius,</span> <span class='ocrx_word' id='word_1_361' title='bbox 605 2180 667 2227; x_wconf 86' lang='lat' dir='ltr'>qui</span> <span class='ocrx_word' id='word_1_362' title='bbox 693 2178 925 2228; x_wconf 76' lang='lat' dir='ltr'>longissimus</span> <span class='ocrx_word' id='word_1_363' title='bbox 949 2179 1021 2227; x_wconf 85' lang='lat' dir='ltr'>est,</span> <span class='ocrx_word' id='word_1_364' title='bbox 1058 2178 1122 2217; x_wconf 85' lang='lat' dir='ltr'>sub</span> <span class='ocrx_word' id='word_1_365' title='bbox 1147 2180 1424 2230; x_wconf 78' lang='lat' dir='ltr'>microscopio,</span> <span class='ocrx_word' id='word_1_366' title='bbox 1464 2177 1576 2228; x_wconf 71' lang='lat' dir='ltr'>piffi,</span> <span class='ocrx_word' id='word_1_367' title='bbox 1601 2177 1697 2215; x_wconf 83' lang='lat' dir='ltr'>Tab.</span> <span class='ocrx_word' id='word_1_368' title='bbox 1722 2187 1757 2217; x_wconf 84' lang='lat' dir='ltr'>T.</span> <span class='ocrx_word' id='word_1_369' title='bbox 1774 2190 1822 2218; x_wconf 78' lang='lat' dir='ltr'>tv.</span> 
     </span>
     <span class='ocr_line' id='line_1_40' title="bbox 337 2227 1818 2279; baseline -0.001 -14"><span class='ocrx_word' id='word_1_370' title='bbox 337 2230 399 2266; x_wconf 79' lang='lat' dir='ltr'>IV.</span> <span class='ocrx_word' id='word_1_371' title='bbox 416 2229 493 2277; x_wconf 81' lang='lat' dir='ltr'>Fig.</span> <span class='ocrx_word' id='word_1_372' title='bbox 512 2240 545 2277; x_wconf 83' lang='lat'>5.</span> <span class='ocrx_word' id='word_1_373' title='bbox 564 2227 635 2266; x_wconf 85' lang='lat' dir='ltr'>albi</span> <span class='ocrx_word' id='word_1_374' title='bbox 655 2229 801 2279; x_wconf 83' lang='lat' dir='ltr'>plures,</span> <span class='ocrx_word' id='word_1_375' title='bbox 828 2229 995 2279; x_wconf 82' lang='lat' dir='ltr'>pleriqve</span> <span class='ocrx_word' id='word_1_376' title='bbox 1014 2229 1211 2267; x_wconf 84' lang='lat' dir='ltr'>rubicundi</span> <span class='ocrx_word' id='word_1_377' title='bbox 1230 2228 1404 2272; x_wconf 79' lang='lat' dir='ltr'>fuerunt3</span> <span class='ocrx_word' id='word_1_378' title='bbox 1443 2227 1496 2267; x_wconf 88' lang='lat' dir='ltr'>illi</span> <span class='ocrx_word' id='word_1_379' title='bbox 1524 2227 1697 2266; x_wconf 81' lang='lat' dir='ltr'>videntur</span> <span class='ocrx_word' id='word_1_380' title='bbox 1721 2234 1818 2272; x_wconf 59' lang='lat' dir='ltr'>Fig15-</span> 
     </span>
     <span class='ocr_line' id='line_1_41' title="bbox 335 2277 1700 2330; baseline -0.001 -13"><span class='ocrx_word' id='word_1_381' title='bbox 335 2290 477 2326; x_wconf 84' lang='lat' dir='ltr'>mares,</span> <span class='ocrx_word' id='word_1_382' title='bbox 502 2277 542 2316; x_wconf 89' lang='lat' dir='ltr'>hi</span> <span class='ocrx_word' id='word_1_383' title='bbox 569 2281 745 2322; x_wconf 61' lang='lat' dir='ltr'>Femina-1⁷3</span> <span class='ocrx_word' id='word_1_384' title='bbox 772 2279 874 2327; x_wconf 85' lang='lat' dir='ltr'>qvod</span> <span class='ocrx_word' id='word_1_385' title='bbox 891 2281 1006 2317; x_wconf 81' lang='lat' dir='ltr'>etiam</span> <span class='ocrx_word' id='word_1_386' title='bbox 1028 2281 1064 2316; x_wconf 88' lang='lat' dir='ltr'>in</span> <span class='ocrx_word' id='word_1_387' title='bbox 1091 2278 1286 2317; x_wconf 80' lang='lat' dir='ltr'>lumbricis</span> <span class='ocrx_word' id='word_1_388' title='bbox 1302 2282 1500 2330; x_wconf 85' lang='lat' dir='ltr'>Luporum</span> <span class='ocrx_word' id='word_1_389' title='bbox 1525 2277 1700 2317; x_wconf 76' lang='lat' dir='ltr'>obierva-</span> 
     </span>
    </p>

    <p class='ocr_par' dir='ltr' id='par_1_17' title="bbox 336 2328 1296 2379">
     <span class='ocr_line' id='line_1_42' title="bbox 336 2328 1296 2379; baseline -0.001 -13"><span class='ocrx_word' id='word_1_390' title='bbox 336 2330 400 2376; x_wconf 75' lang='lat' dir='ltr'>vi,</span> <span class='ocrx_word' id='word_1_391' title='bbox 441 2329 629 2367; x_wconf 56' lang='lat' dir='ltr'>Transac‘r.</span> <span class='ocrx_word' id='word_1_392' title='bbox 654 2328 759 2378; x_wconf 76' lang='lat' dir='ltr'>Angl.</span> <span class='ocrx_word' id='word_1_393' title='bbox 788 2328 864 2367; x_wconf 46' lang='lat' dir='ltr'>Volt</span> <span class='ocrx_word' id='word_1_394' title='bbox 876 2330 1059 2368; x_wconf 86' lang='lat' dir='ltr'><em>XXXVI.</em></span> <span class='ocrx_word' id='word_1_395' title='bbox 1095 2331 1190 2367; x_wconf 75' lang='lat' dir='ltr'>Num</span> <span class='ocrx_word' id='word_1_396' title='bbox 1217 2341 1296 2379; x_wconf 67' lang='lat'>413.</span> 
     </span>
    </p>
   </div>
   <div class='ocr_carea' id='block_1_5' title="bbox 393 2377 1698 2471">
    <p class='ocr_par' dir='ltr' id='par_1_18' title="bbox 393 2377 1698 2471">
     <span class='ocr_line' id='line_1_43' title="bbox 393 2377 1698 2464; baseline -0.003 -48"><span class='ocrx_word' id='word_1_397' title='bbox 393 2380 435 2417; x_wconf 79' lang='lat' dir='ltr'>In</span> <span class='ocrx_word' id='word_1_398' title='bbox 449 2379 578 2418; x_wconf 81' lang='lat' dir='ltr'>medio</span> <span class='ocrx_word' id='word_1_399' title='bbox 595 2381 764 2431; x_wconf 75' lang='lat' dir='ltr'>corporis</span> <span class='ocrx_word' id='word_1_400' title='bbox 783 2380 1029 2431; x_wconf 77' lang='lat' dir='ltr'>transparebat</span> <span class='ocrx_word' id='word_1_401' title='bbox 1045 2379 1141 2418; x_wconf 87' lang='lat' dir='ltr'>linea</span> <span class='ocrx_word' id='word_1_402' title='bbox 1162 2378 1444 2430; x_wconf 85' lang='lat' dir='ltr'>longitudinalis</span> <span class='ocrx_word' id='word_1_403' title='bbox 1459 2377 1621 2464; x_wconf 46' lang='lat' dir='ltr'>spadici&amp;</span> <span class='ocrx_word' id='word_1_404' title='bbox 1633 2388 1698 2433; x_wconf 74' lang='lat' dir='ltr'>co-</span> 
     </span>
     <span class='ocr_line' id='line_1_44' title="bbox 1595 2438 1694 2471; baseline -0.01 -6"><span class='ocrx_word' id='word_1_405' title='bbox 1595 2438 1671 2465; x_wconf 78' lang='lat' dir='ltr'>oris</span> <span class='ocrx_word' id='word_1_406' title='bbox 1681 2439 1694 2471; x_wconf 81' lang='lat'>3</span> 
     </span>
    </p>
   </div>
  </div>
 </body>
</html>
