2139 3022
369 224 421 268 14
829 215 832 219 ¹
932 207 1010 248 DE
1062 206 1337 246 LAPILLIS

357 323 474 366 guus;
524 310 567 361 b)
617 309 668 351 est
684 307 828 348 validus
845 319 1003 352 nervus3
1030 305 1169 356 reliqva
1195 306 1233 343 in
1251 303 1325 356 ipsa
1345 303 1475 354 figura.
1499 276 1502 279 ¹
1526 303 1704 345 Tandem
1721 318 1787 358 per
1805 311 1928 346 meni*

231 373 334 403 f.1.1<.
362 367 513 404 branam
565 361 609 408 k)
660 360 723 410 fig.
742 364 766 397 i.
794 371 871 408 qvae
887 369 983 406 tres,
1008 357 1066 395 vel
1094 367 1254 406 qvatuor
1278 355 1391 393 lineas
1417 353 1607 394 demiffius
1633 358 1728 395 intra
1759 358 1834 396 offa
1862 371 1928 396 ex-

246 568 265 600 f.
274 569 321 599 111.

242 1467 313 1498 Tab.
323 1469 334 1496 I

260 1513 278 1541 fi
288 1514 332 1540 lv.

358 415 489 468 pansa,
517 411 682 450 misimus
701 411 817 448 setam
839 410 878 445 in
892 405 1067 446 foramen
1082 409 1119 444 Β.
1138 405 1198 456 fig.
1220 407 1246 442 1.
1297 407 1411 454 Haec,
1438 417 1507 454 qva
1534 408 1739 445 maximam
1763 406 1929 454 longitu-

359 467 509 512 dinem,
537 462 694 501 libenter
712 457 891 507 intrabat,
926 461 1037 506 quve
1055 459 1130 495 NB.
1159 454 1370 494 occultabat
1400 457 1439 493 in
1457 454 1634 494 calvaria.
1697 449 1930 506 Reliqvimus

358 515 517 555 eandem
533 514 570 550 in
589 512 680 550 statu
699 521 797 558 qvo,
824 508 861 547 ἀ
877 510 1014 546 Cranio
1032 507 1078 545 ad
1098 506 1228 555 justam
1245 508 1455 544 menluram
1472 504 1597 555 figurae
1614 506 1701 545 Iidae
1721 506 1816 546 serra
1832 509 1929 545 divi-

358 567 422 615 so,
449 566 491 603 ac
508 573 634 614 aperta
650 559 815 599 Calvaria
833 557 870 597 ὅ(
888 557 1038 596 detee’co
1059 555 1226 595 Cerebro
1245 555 1307 605 fig.
1330 557 1401 605 111,
1428 556 1525 604 seta,
1555 563 1668 607 prout
1691 568 1844 608 apparet
1871 569 1930 595 re-

358 617 474 664 flexa,
505 614 619 653 altera
637 611 896 658 extremitate,
923 619 993 657 qva
1012 605 1190 646 foramini
1207 608 1247 644 E,
1276 606 1339 656 fig.
1357 607 1382 644 1.
1408 605 1566 645 immissa
1590 604 1732 656 fuerat,
1761 606 1932 646 distinete

358 663 592 705 osculabatur
609 659 776 712 lapillum
793 658 946 697 secundi
964 659 1061 708 paris
1085 656 1145 707 fig.
1169 669 1198 694 1.
1218 669 1251 695 2.
1304 658 1364 700 ως
1417 668 1572 707 propter
1588 657 1781 706 umbram,
1818 669 1931 705 qvam

344 716 435 755 ’offa
452 713 624 753 Calvariae
646 711 779 750 lumini
796 706 963 761 oppofita
983 707 1232 755 inducebant,
1257 705 1413 745 vesicula
1439 719 1527 744 cum
1544 705 1676 757 lapillis
1701 707 1798 746 binis
1823 709 1863 745 in
1883 707 1928 745 fi-

361 778 451 818 gura
468 767 528 802 111.
579 762 602 800 b
612 771 622 806 )
672 759 851 812 penicillo
869 757 1074 797 distinGtius
1091 757 1253 808 exprimi
1272 769 1351 794 non
1369 759 1504 807 poruit.
1557 758 1736 809 Qaenam
1754 769 1846 795 vero
1869 757 1927 794 di-

360 813 542 855 verticula
564 812 632 852 fint
681 824 760 860 qvae
783 809 859 847 seta
886 809 1023 848 reflexa
1051 807 1294 859 perrepserit,
1335 806 1374 845 ἃ
1398 817 1526 845 utrum
1574 820 1609 857 c,
1646 807 1709 858 fig.
1727 810 1787 845 111.
1829 806 1932 846 Offis

358 864 516 919 petrosi,
542 874 605 901 aut
621 841 735 910 alius,
768 861 894 898 nescio
915 860 1047 907 cujus,
1073 859 1173 897 vices
1190 856 1340 904 subeat,
1366 858 1591 907 peritiores,
1628 861 1692 907 qvi
1717 858 1755 896 se
1784 860 1930 896 Anato-

359 918 483 957 micos
496 913 742 966 profitentur,
770 910 956 958 judicent3
983 907 1170 957 fimiliter,
1196 906 1287 956 qvid
1302 906 1447 945 obstare
1462 906 1594 958 posfit,
1621 920 1697 957 qvo
1715 909 1840 946 minus
1850 919 1929 946 ma-

361 969 422 1017 jor
441 964 585 1017 lapillus
603 974 674 1014 pro
695 960 853 1008 incude,
880 961 1078 1010 proximus
1103 957 1157 996 illi
1184 958 1311 995 minor
1338 957 1375 995 ἃ
1397 956 1653 1008 longiusculus
1679 971 1750 1010 pro
1772 957 1930 1006 malleo,

361 1016 437 1058 five
480 1013 705 1060 ercufforio,
732 1011 947 1062 proximior
965 1021 1057 1046 vero
1086 1009 1122 1046 ὅ(
1143 1008 1324 1046 minimus
1347 1006 1568 1046 orbicularis
1590 1020 1633 1046 ae
1662 1019 1833 1046 crematus
1857 1020 1930 1059 pro

358 1066 440 1106 offe
470 1061 851 1109 enticulariCafferii‚
879 1058 952 1098 five
969 1058 1194 1108 orbiculari,
1237 1056 1296 1095 vel
1324 1056 1615 1109 loco'ssapedis‚
1653 1056 1838 1096 foramina
1864 1058 1931 1096 de-

362 1129 471 1157 mum
488 1117 527 1153 B.
550 1115 589 1152 B.
605 1111 631 1151 f.
655 1114 682 1149 Ι.
715 1123 787 1162 pro
811 1109 996 1148 meatibus
1018 1108 1181 1147 Auditus
1206 1109 1385 1156 externis,
1409 1107 1446 1146 ὅ(
1463 1107 1616 1147 veficula
1639 1107 1757 1146 ovalis
1783 1108 1930 1157 sigum,

362 1166 567 1218 diaphana,
595 1165 637 1210 ff.
655 1174 705 1200 20.
724 1173 794 1212 pro
814 1171 993 1211 tympano
1007 1157 1202 1199 habenda?
1227 1156 1393 1197 officula
1412 1157 1618 1199 distinrstius
1639 1160 1724 1199 sunt
1748 1157 1930 1199 lustranda

363 1219 405 1256 in
419 1215 515 1257 Tab.
539 1216 582 1252 11.
598 1213 661 1263 fig.
686 1223 717 1250 1.

1054 1306 1085 1358 ς.
1112 1306 1231 1345 xxn.

465 1376 524 1416 Ut
541 1384 691 1424 qvoqve
709 1368 912 1417 custodite,
938 1377 1007 1417 qva
1023 1364 1105 1405 fieri
1122 1369 1248 1419 potuit
1259 1397 1270 1416 ,
1297 1366 1463 1407 solutum
1479 1379 1526 1407 ex
1542 1367 1678 1418 majori
1692 1366 1798 1419 ‘pisce
1824 1369 1934 1408 Cere-

365 1427 469 1468 brum
495 1425 617 1475 (qvod
637 1427 674 1462 in
694 1427 754 1473 Sp.
771 1424 815 1458 V.
833 1418 1115 1465 conservamus)
1153 1430 1170 1456 a
1201 1429 1345 1468 pareat,
1380 1419 1592 1467 inversum,
1628 1419 1847 1468 summaqve
1872 1421 1931 1457 in-

337 1491 344 1498 ·
366 1479 501 1517 dustria
521 1474 747 1513 delineatum
767 1469 991 1509 exhibemus
1005 1466 1101 1506 Tab.
1122 1469 1149 1505 Ι.
1183 1497 1191 1504 .
1212 1469 1272 1505 Ν.
1295 1467 1360 1507 ubi
1385 1473 1423 1510 a)
1452 1467 1636 1516 vcficulam
1661 1467 1739 1518 (vel
1761 1467 1787 1508 fi
1811 1471 1931 1508 mavis

364 1527 571 1567 sacculum)
601 1527 639 1563 in
658 1535 726 1573 qva
746 1524 794 1560 Os
809 1516 1020 1558 lenticulare
1037 1516 1209 1567 Caffbrii,
1236 1517 1279 1561 b)
1303 1530 1395 1556 vero
1422 1517 1610 1568 Vqliculam
1628 1531 1715 1558 cum
1731 1517 1826 1557 binis
1854 1532 1932 1558 ma-

353 1577 503 1626 joribus
518 1573 671 1625 lapillis,
697 1571 800 1610 velut
816 1569 953 1608 incude
970 1568 1007 1607 ὅ(
1023 1566 1457 1619 percufforioutrinqve,
1484 1571 1523 1607 in
1538 1567 1606 1610 situ
1618 1568 1797 1618 naturali,
1809 1569 1932 1608 osten-

365 1629 479 1671 dunt3
506 1626 638 1678 plexus
661 1622 720 1662 vel
733 1619 996 1675 nervulorum,
1022 1616 1082 1656 vel
1103 1630 1277 1657 cavarum
1292 1620 1561 1670 propaginum,
1589 1619 1648 1657 vel
1665 1618 1860 1668 fimilium,
1893 1620 1931 1659 ὅ(

366 1679 528 1727 reliqva,
555 1678 593 1714 in
624 1675 742 1723 figura
765 1671 866 1710 ultro
889 1669 964 1707 lese
989 1669 1164 1707 offerunt.
1235 1668 1384 1723 Qibus
1409 1669 1586 1708 omnibus
1611 1670 1647 1707 ἃ
1670 1667 1818 1718 singulis
1841 1682 1932 1709 cum

366 1728 464 1768 Tab.
483 1728 562 1764 ΧΠ.
580 1724 733 1775 (ἶαβὲνιῖ
749 1720 915 1768 collatis,
940 1719 1041 1757 haud
1057 1717 1259 1757 difficulter
1274 1718 1488 1770 apparebit,
1524 1730 1596 1771 pro
1621 1720 1759 1757 virium
1790 1719 1931 1759 nostra-

367 1791 454 1818 rum
477 1776 693 1815 infirmitate
717 1776 756 1811 in
780 1771 943 1819 vestigiis
975 1770 1054 1816 ejus
1077 1780 1212 1807 omnes
1237 1768 1469 1809 contendisse
1492 1768 1668 1810 nervulos
1691 1769 1860 1820 nostros,
1887 1780 1929 1809 ut

367 1841 449 1868 rem
465 1827 581 1879 iplam
599 1827 639 1865 in
664 1823 822 1864 clariore
839 1831 1116 1871 exponeremus
1137 1817 1233 1857 luce.

1038 1919 1070 1971 ς.
1097 1919 1231 1957 xxm.

467 1980 630 2021 Animus
651 1975 762 2015 nobis
784 1974 855 2024 est,
896 1983 937 2012 ut
963 1973 1001 2012 ἃ
1028 1976 1207 2013 Cranium
1231 1971 1398 2011 Mustelae
1422 1970 1617 2011 maculosa:
1642 1970 1681 2010 ὁ(
1700 1983 1750 2009 ex
1767 1969 1930 2022 piscibus

367 2031 616 2082 cartilagineis
637 2028 815 2066 Cranium
832 2026 1015 2063 Sturionis
1032 2024 1248 2074 diligentius
1265 2022 1591 2073 perlustraremus3
1633 2021 1660 2060 fi
1682 2034 1740 2060 res
1768 2034 1816 2060 ex
1836 2033 1930 2060 voto

366 2082 596 2128 successerit,
621 2077 703 2129 post
718 2075 905 2126 Syllabum
924 2074 1078 2113 Tabulae
1095 2077 1139 2112 ΙΙ.
1170 2071 1339 2112 Benevola
1356 2074 1519 2121 Leezori,
1543 2072 1634 2121 qvid
1657 2073 1695 2109 in
1718 2072 1782 2121 iis,
1817 2072 1929 2111 mini-

367 2146 476 2174 mum
496 2134 534 2170 in
550 2129 729 2169 alterutro
751 2125 961 2164 eorundem
977 2124 1322 2173 observaverimus,
1357 2126 1544 2163 rationem
1564 2121 1759 2160 reddituri.

978 2257 981 2260 Α
1046 2223 1075 2273 ς.
1101 2223 1232 2261 xxiv.

469 2277 721 2318 SYLLABUS
753 2273 978 2312 TABULAE
1004 2274 1030 2310 1.

379 2350 381 2353 ·
417 2334 495 2384 fig.
518 2347 548 2372 1.
569 2333 605 2371 &
627 2345 661 2372 2.
677 2328 840 2369 Calvaria
858 2330 965 2367 Lucii
986 2328 1145 2366 minoris
1163 2325 1316 2365 inversa.
1345 2322 1410 2373 (θ’.
1425 2323 1499 2373 ῳ.)
1559 2356 1566 2360 .

435 2431 442 2438 ,
469 2401 639 2429 αἴκεια.
671 2388 863 2426 Deuotant
884 2383 1151 2435 corpusculum
1176 2382 1503 2429 membranorum,
1535 2374 1610 2420 five
1630 2374 1828 2464 vesiculam
1853 2374 1932 2413 dia-

1067 2457 1069 2459 ·
1770 2438 1795 2476 p
1810 2437 1935 2465 ianam
