2139 3022
813 187 817 189 “
847 186 1112 232 PISCIUM.
1757 203 1780 244 5

216 292 343 341 „ditus
361 289 503 339 causa„
660 284 857 336 Eiusmodi
879 285 1062 328 foramina
1082 302 1182 341 pone
1211 288 1314 329 oculi
1339 290 1516 342 angulum
1535 293 1783 344 posteriorem

215 343 469 392 'affignatCani
485 339 634 391 glauco,
654 348 756 388 pasl,
786 337 1071 389 Vulpeculaeqve
1087 340 1249 378 Bellonii
1281 341 1462 392 lunulata,
1513 345 1655 384 auditui
1681 343 1782 383 forte

213 392 450 432 inservientia
465 401 569 441 p.59.
623 390 720 440 lpse,
747 389 786 427 ni
804 387 933 437 fallor,
965 389 1192 429 Clarissimus
1209 393 1327 438 Rajus
1341 391 1525 432 foramina
1542 397 1653 433 Serrae
1670 395 1780 446 piscis

211 451 246 491 p.
267 443 317 480 61.
345 442 425 494 post
442 441 576 479 oculos
594 449 736 478 meatus
757 438 967 477 auditorios
985 439 1056 478 esre
1074 441 1205 479 credit.
1258 444 1316 480 De
1334 443 1514 482 Pastinaca
1529 447 1667 483 marina
1686 447 1781 484 Ron-

216 490 342 530 deletii
377 488 635 540 Willug-hbejus
654 499 685 538 p.
713 489 767 536 67.
796 488 873 527 haec
899 488 1033 534 habet;
1250 494 1473 541 „Foramina
1496 506 1597 533 retro
1626 495 1781 542 oculos,

215 555 321 592 „qvae
341 554 382 581 ut
401 543 548 580 aurium
563 540 720 590 figuram
739 541 952 588 imitantur,
977 541 1026 578 ita
1043 551 1170 578 earum
1187 539 1336 581 fortasse
1346 544 1450 583 usum
1473 544 1659 595 praestant,
1685 545 1781 584 adeo

214 592 393 643 „grandia
411 591 513 640 sunt,
541 601 580 629 ut
597 590 800 628 minimum
817 588 979 639 digitum
996 588 1104 629 facile
1127 590 1346 640 admittant,
1372 596 1484 644 inqve
1506 607 1551 633 os
1570 596 1691 646 ipl‘um
1717 608 1780 647 pa-

213 643 424 693 „tescunt.‚‚
580 639 662 678 &in
674 639 769 688 Rajae
786 639 883 677 laevis
900 639 1080 678 undulata’
1088 641 1254 680 Cerebro
1265 653 1299 692 p.
1319 653 1370 692 70.
1381 644 1543 684 offendit
1553 658 1683 697 praeter
1698 658 1783 684 ner-

211 704 283 731 vos
302 690 522 731 olfadiorios
539 689 638 729 aliud
656 702 721 741 par
739 701 941 727 nervorum
953 721 963 739 ‚
981 703 1076 739 qvos
1091 691 1301 732 auditorios
1318 706 1442 745 putat,
1460 697 1523 744 qvi
1542 697 1581 734 in
1598 697 1675 735 duo
1687 698 1783 735 Cor-

213 754 305 794 pora
326 739 561 793 glandulosti,
611 739 751 778 elatinae
772 752 834 778 aut
856 740 994 789 Amylo
1011 739 1160 790 similia,
1188 743 1395 783 innumeris
1424 745 1576 784 ramulis
1605 747 1782 798 spargun-

213 804 294 841 tur,
327 793 498 842 qvamvis
516 790 552 829 ἃ
568 802 586 828 a
606 790 642 828 ie>
658 802 783 828 ramos
801 791 961 828 mittant.
1032 793 1201 842 Corpora
1228 792 1306 832 haec
1332 796 1420 834 Cuti
1439 795 1671 835 foraminum
1696 796 1782 835 illo-

210 855 319 890 rum,
345 855 423 892 qva:
444 840 537 880 ultra
553 839 687 879 oculos
707 842 969 889 inveniuntur,
1014 844 1190 892 contigua
1220 843 1292 882 effe
1314 844 1430 895 dicit,
1470 846 1568 884 unde
1594 845 1780 886 foramina

211 892 272 932 illa
290 904 359 944 pro
382 890 566 930 meatibus
582 890 778 928 auditoriis
796 889 929 939 habet,
959 890 994 928 δι
1011 892 1128 942 pisces
1146 891 1260 931 hosce
1284 895 1411 933 auditu
1438 897 1598 946 gaudere
1622 899 1780 937 minime

212 942 369 982 dubitat.
422 941 483 981 Ad
502 940 611 980 latera
630 939 813 979 Cerebelli
829 940 907 979 duo
923 941 1082 980 offendit
1103 941 1285 983 foramina
1311 946 1349 983 in
1372 947 1497 985 Cranii
1521 946 1620 996 osse,
1643 949 1679 986 in
1697 950 1779 998 qvi-

212 992 283 1033 bus
299 993 404 1032 latuit
420 991 616 1031 substantia
642 992 854 1030 Ceruminis
882 993 1050 1032 auriumz
1088 1005 1128 1031 ut
1154 997 1481 1044 praetermittamus
1507 998 1635 1045 Rajam
1659 998 1781 1038 clava-

213 1056 288 1083 tam
303 1054 338 1094 ρ.
355 1052 417 1094 74.
437 1042 473 1081 ἀ
490 1052 546 1091 77.
574 1043 787 1091 Squatinam
802 1050 837 1090 p.
853 1048 908 1087 80.
938 1042 1202 1093 Torpedinem
1222 1048 1472 1085 americanam
1490 1057 1523 1096 p.
1551 1055 1604 1093 81.
1639 1048 1676 1087 ἃ
1698 1047 1781 1100 plu-

212 1107 271 1134 res
290 1095 354 1144 qvi
372 1104 554 1131 vocantur
574 1090 834 1142 Cartilaginei,
879 1091 937 1129 vel
956 1094 1124 1144 Vivipari
1154 1093 1212 1131 vel
1232 1096 1400 1147 Ovipari.
1469 1099 1576 1137 Circa
1602 1099 1781 1150 Spinosos

211 1144 309 1184 nulla
325 1142 423 1195 apud
438 1142 792 1194 perspicaciffimum
828 1140 1124 1192 Willughhcjum‚
1163 1157 1342 1193 qvantum
1360 1146 1538 1197 legimus,
1576 1151 1721 1187 mentio
1737 1149 1780 1188 fic

210 1206 355 1234 meatus
370 1193 569 1241 auditorii,
596 1192 660 1231 nifi
678 1193 779 1241 qvod
800 1193 987 1243 superiora
1006 1206 1052 1231 ex
1071 1206 1231 1242 quatuor
1252 1194 1500 1242 foraminibus
1516 1199 1720 1246 majoribus
1741 1202 1781 1238 in

211 1246 333 1295 capite
357 1242 469 1283 Molae
485 1241 651 1282 Salviani
668 1240 816 1282 fortasse
838 1255 980 1282 meatus
1000 1245 1210 1283 auditorios
1226 1246 1587 1287 esse-connotaverit.
1663 1251 1780 1288 Caete-

212 1307 297 1333 rum
313 1291 571 1332 AElianusLih.
587 1293 656 1331 IX.
674 1294 758 1342 Cap.
779 1294 858 1332 VII.
871 1295 975 1331 leniit
991 1293 1166 1332 audiendi
1183 1298 1373 1337 acerrimo
1386 1299 1457 1338 effe
1466 1301 1632 1351 Lupum,
1656 1301 1780 1339 Chro-

211 1346 300 1394 nin,
328 1343 495 1395 Salpam,
521 1342 703 1393 mugilem
720 1344 835 1390 dicit5
870 1345 930 1382 De
957 1343 1162 1383 Rondeletio
1185 1345 1291 1387 infra.

374 1442 424 1480 (b)
446 1445 486 1472 An
504 1441 584 1481 pisces
599 1444 692 1471 omnis
710 1442 857 1482 disciplinae
874 1442 944 1473 adeo
961 1444 1103 1483 incapaces
1125 1445 1179 1476 dici
1202 1454 1318 1487 queant,
1356 1446 1527 1481 haefitamus;
1550 1449 1664 1479 Causam
1679 1457 1778 1479 eorum

436 1504 526 1539 agunt
541 1496 711 1526 Testimonia
728 1497 764 1526 de
777 1496 966 1528 convocandis
979 1496 1015 1526 ad
1031 1497 1179 1533 Cibatum,
1204 1502 1233 1530 in
1251 1500 1422 1541 seqvemibus
1439 1503 1515 1541 §pl-tis
1533 1503 1648 1542 prolata.

938 1599 973 1650 ς.
994 1601 1093 1638 vm..

307 1658 523 1710 Ancipitem
544 1658 584 1695 in
608 1654 709 1707 §pho
727 1655 946 1706 precedenti
971 1657 1186 1697 audivimus
1212 1657 1462 1699 Clariffimum
1485 1661 1639 1712 Rajum‚
1681 1673 1773 1701 num

204 1711 325 1752 Pisces
338 1710 507 1756 audiant,
535 1720 604 1745 nec
622 1719 688 1750 ne3
717 1706 967 1744 nihilominus
983 1719 1109 1745 tam-en
1119 1711 1378 1748 circainitium
1390 1709 1532 1760 Capitis
1545 1713 1612 1751 IV.
1624 1711 1731 1752 Libri
1741 1714 1770 1750 I.

205 1763 252 1801 de
269 1761 428 1800 Piscium
444 1758 574 1797 auditu
593 1756 830 1808 ampleciitur
846 1756 999 1795 illorum
1020 1759 1239 1798 sententiam
1253 1791 1264 1808 ‚
1292 1763 1353 1808 qvi
1378 1763 1496 1812 pisces
1521 1766 1684 1802 omnino
1707 1777 1772 1802 au-

204 1813 286 1852 dire
304 1812 484 1858 statuunt,
528 1820 690 1856 eumqve
717 1807 760 1844 in
779 1807 893 1845 finem
918 1807 1163 1847 Rondeletium
1189 1809 1266 1849 Lib.
1295 1812 1364 1849 IV.
1384 1822 1458 1861 cap.
1466 1825 1507 1860 ρ.
1531 1813 1566 1851 ἃ
1582 1813 1661 1853 Lib.
1690 1814 1768 1852 VII.

202 1872 277 1913 cap,
296 1874 352 1911 14.
371 1872 440 1898 nec
460 1870 534 1897 non
553 1860 681 1907 Georg.
698 1857 859 1903 Sqierum
875 1859 912 1894 in
930 1856 1074 1907 Ephem.
1091 1861 1143 1898 N.
1158 1861 1196 1898 C.
1219 1862 1341 1900 Germ.
1357 1864 1450 1900 Ann.
1469 1863 1492 1900 Ι
1498 1864 1537 1900 V.
1567 1865 1609 1902 εἴ
1641 1867 1678 1902 V.
1698 1864 1768 1904 Ob-

200 1914 384 1963 fhrv.145.
409 1910 454 1948 ad
465 1910 623 1947 dicenda
638 1907 847 1946 testimonia
866 1907 913 1946 de
931 1909 1094 1960 piscibus
1108 1910 1155 1949 ad
1171 1911 1337 1950 sonitum
1356 1915 1549 1963 Campanae
1569 1927 1767 1954 accurren-

202 1964 302 2004 tibus
319 1961 395 2000 cibi
414 1959 584 2011 capiendi
601 1960 716 2010 gratia
736 1958 771 1996 ἀ
794 1957 973 1997 similibus
992 1962 1260 2011 experimentis
1275 1993 1288 2012 ,
1328 1963 1523 2014 producit,
1555 1964 1766 2005 solummo-

202 2015 255 2053 do
277 2011 436 2052 modum
462 2014 563 2058 (rem
587 2011 714 2057 ntiqve
731 2007 875 2047 altioris
898 2009 1104 2060 indaginis)
1130 2012 1167 2050 se
1183 2013 1358 2062 ignorare
1378 2011 1537 2058 fatetur3
1593 2016 1765 2056 Rondele-

200 2067 254 2104 tio
275 2074 366 2101 vero
384 2074 546 2110 eumqve
565 2059 693 2098 secuto
721 2057 897 2098 Kirchero
921 2059 1071 2110 dubiis,
1106 2074 1153 2100 an
1171 2060 1358 2103 foramina
1378 2077 1462 2103 ante
1489 2064 1622 2104 oculos
1648 2067 1764 2118 pofita

200 2117 247 2155 ad
263 2111 505 2159 audiendum,
522 2123 566 2149 an
585 2111 629 2148 ad
651 2109 889 2148 odorandum
908 2109 999 2149 fint?
1036 2112 1283 2165 contradicit,
1324 2116 1413 2163 qvin
1435 2116 1562 2165 potius
1583 2117 1763 2157 odoratus

198 2176 337 2213 organa
357 2162 454 2209 effe,
497 2159 693 2199 verisimile
722 2158 785 2210 ipfi
814 2160 981 2204 videtur3
1009 2163 1095 2200 Nee
1115 2162 1254 2212 obstat,
1296 2165 1399 2213 qvod
1425 2167 1461 2202 in
1486 2167 1692 2216 appendice
1714 2169 1762 2207 ad

206 2211 375 2264 Willugh.
389 2222 424 2261 p.
439 2218 496 2257 28.
529 2213 628 2250 circa
650 2212 908 2260 experimenta
923 2209 971 2249 de
988 2211 1149 2262 piscium
1165 2213 1293 2252 auditu
1312 2216 1482 2262 injecerit
1499 2215 1656 2255 dubium
1675 2217 1759 2257 Cla-

197 2267 358 2306 riffimus
380 2263 518 2309 Rujum
542 2274 630 2300 cum
647 2262 724 2311 iple
741 2262 896 2310 qvi-dem·
913 2261 1124 2313 cautelam„
1144 2275 1185 2303 ut
1199 2263 1287 2303 tolli·
1300 2277 1408 2315 qveat
1426 2265 1604 2316 dubium,
1628 2268 1757 2319 addat,

199 2318 245 2357 de
261 2326 329 2367 qva
351 2313 489 2365 §.seqe-
506 2314 604 2352 circa
621 2311 748 2353 finem.

948 2411 983 2449 A
1011 2422 1032 2461 3
1534 2414 1565 2465 ς.
1592 2415 1656 2454 1x.
1674 2416 1751 2456 Ne.
