2139 3022
763 207 846 251 DE
883 205 1176 248 PISCIBUS
1207 206 1331 249 PER
1361 208 1757 256 BRANCHIAS

667 312 693 353 f.
728 310 969 350 Interstitium
991 308 1209 349 musculare.

667 376 703 415 g.
730 360 976 408 Membrana,
1005 359 1191 410 reliqvuni
1218 359 1349 400 circuli
1375 372 1516 412 tegens,

869 457 1190 546 Mzisczalorutrztot,
1212 459 1441 509 qvotcosiae3
1472 472 1610 512 corpus
1627 470 1752 501 totum
1777 462 2041 505 feretendino-

768 511 851 549 sum
867 533 902 540 --
957 521 1068 547 orum
1101 510 1282 561 puncium
1303 514 1358 558 (ut
1386 523 1473 548 cum
1498 511 1721 551 Winslovio
1749 513 1896 564 loqvar)
1921 517 2041 556 fixum

769 560 972 610 superioris
987 560 1094 597 coflae
1112 559 1355 610 cartilagineae
1369 561 1483 598 radici
1509 561 1703 611 inseritur,
1735 563 1873 603 abhinc
1885 566 2040 615 obliqve

767 611 953 659 seqventis
971 608 1161 648 inferioris
1180 612 1285 649 costae
1302 610 1471 649 inedium
1492 613 1585 661 petit
1606 612 1642 651 ἃ
1665 613 1825 654 adhaeret
1850 617 2039 656 musculus

769 661 873 712 ipse,
902 662 942 698 in
963 659 1098 699 multas
1128 673 1233 700 antea
1257 661 1367 700 fibras
1387 660 1538 702 divitus.

868 757 1117 808 cartilagines
1135 758 1276 810 septem
1295 758 1353 798 vel
1379 758 1536 808 decem,
1583 757 1765 807 Costarmn
1789 760 1949 811 figuram
1971 763 2038 809 ha.

776 809 930 858 benres,
961 811 998 847 in
1017 810 1091 848 fine
1108 809 1327 859 qvantulum
1352 821 1549 848 recurvatae
1577 809 1667 848 duas
1684 809 1763 848 fere
1788 816 1913 853 tertias
1929 814 2038 854 bran.

766 859 941 899 chiarum
959 859 1148 909 efficiunt,
1175 859 1361 910 reliqvum
1378 859 1593 898 membrana
1610 859 1806 899 clauditur.

768 1007 794 1047 s
857 958 979 1016 ‘Spina
997 956 1261 999 branchiarum
1282 957 1525 1009 cartilaginea
1547 958 1742 997 insertioni
1766 959 1952 999 costarum
1979 961 2037 1000 in-

786 1019 893 1047 ervit.

863 1104 1052 1145 Branchiae
1072 1103 1272 1144 dilatantur
1298 1104 1335 1144 ὅτ
1359 1105 1684 1156 constringuntur,
1719 1117 1833 1157 prout
1863 1106 2035 1146 dilatatur

766 1156 804 1195 ὅτ
821 1158 1086 1206 constringitur
1103 1155 1250 1194 thorax.
1347 1155 1561 1194 Secundum
1578 1157 1710 1202 Regium
1731 1157 1767 1194 ἃ
1784 1156 2030 1195 Rondeletjum

766 1207 965 1245 ramusculi
983 1219 1049 1256 per
1065 1205 1296 1243 scrobiculos
1312 1205 1359 1243 ad
1376 1204 1571 1244 branchias
1584 1205 1707 1255 delati,
1719 1205 1867 1256 lingulis
1885 1208 2034 1258 capilia-

766 1259 907 1295 mentis
924 1257 1067 1294 ibidem
1087 1254 1264 1306 appmfis,
1276 1254 1416 1294 vascula
1427 1257 1674 1305 exporrigunt
1688 1287 1699 1304 ,
1734 1268 1775 1294 ut
1803 1257 1920 1296 ablata
1938 1270 2034 1295 arte-

762 1309 816 1345 ria
838 1307 1000 1344 totidem
1020 1305 1243 1343 foraminula
1262 1335 1274 1354 ‚
1328 1304 1522 1343 alveorum
1554 1304 1628 1343 favi
1646 1307 1755 1344 infiat
1773 1337 1784 1354 ,
1837 1309 2035 1357 patescant.

761 1358 919 1406 Sanguis
937 1369 1005 1394 cor
1022 1368 1099 1393 non
1120 1356 1276 1406 repetit,
1322 1354 1385 1392 sed
1402 1355 1498 1393 retia
1522 1354 1616 1394 linea
1635 1368 1653 1393 a
1675 1357 1795 1406 capite
1813 1357 1858 1395 ad
1876 1357 2035 1397 caudam

759 1409 905 1458 pergit,
933 1407 1033 1444 unde
1053 1415 1132 1443 non
1151 1406 1351 1454 reqviritur
1371 1417 1502 1454 magna
1521 1407 1576 1443 vis
1594 1405 1822 1456 impellendi.
1921 1406 2032 1447 Conf.

761 1457 960 1495 Severinus
992 1466 1027 1505 p.
1052 1457 1106 1493 0²6.
1139 1455 1186 1493 de
1215 1454 1378 1493 utriculo
1407 1454 1503 1493 facie
1526 1454 1721 1505 sangvinea
1739 1457 1776 1493 in
1794 1453 1865 1494 bafi
1884 1457 2033 1502 cordis;

760 1508 824 1555 qvi
842 1517 875 1554 p.
897 1518 964 1544 112.
981 1506 1130 1544 initium
1149 1505 1359 1555 spirationis
1380 1516 1399 1542 a
1419 1503 1607 1543 branchiis
1627 1504 1699 1543 effe
1717 1505 1842 1543 [cribit
1865 1507 2033 1556 perbmil-

759 1555 796 1594 le
813 1554 1051 1607 fiphunculos
1074 1557 1113 1593 in
1132 1554 1203 1592 illis
1220 1553 1436 1605 dispositos,
1463 1567 1531 1604 per
1551 1567 1682 1603 qvos,v
1707 1555 1823 1593 veluti
1838 1568 1905 1604 per
1926 1557 2032 1607 pyul-

757 1618 826 1644 cos
838 1637 848 1655 ,
875 1607 970 1645 aeris
986 1605 1027 1643 fit
1043 1603 1214 1643 attratffio
1225 1635 1236 1653 ‚
1263 1606 1326 1653 qvi
1343 1617 1403 1642 aer
1414 1604 1549 1642 deinde
1561 1605 1779 1643 conscendit
1794 1605 1840 1643 ad
1849 1607 2031 1657 surculos,

758 1655 850 1695 hinc
866 1668 975 1705 atqve
993 1655 1084 1693 hinc
1101 1656 1307 1703 venientes,
1317 1654 1397 1705 post
1415 1654 1660 1693 divaricatum
1679 1656 1818 1693 arteriae
1844 1667 1957 1694 aereae
1973 1659 2031 1696 in-

757 1717 862 1744 nexae
878 1705 1007 1754 cordi,
1035 1703 1072 1744 ἃ
1089 1704 1134 1744 ab
1153 1705 1229 1743 hoc
1248 1703 1439 1743 descendit
1458 1703 1615 1743 ulterius
1632 1705 1678 1745 ad
1694 1706 1866 1743 arteriam
1885 1718 2032 1746 aot-tam

757 1755 795 1844 gc
813 1755 860 1794 fic
877 1756 1054 1845 deitssceps
1073 1756 1112 1794 in
1139 1755 1229 1800 εῐίεις
1261 1752 1370 1794 Conf.
1391 1756 1553 1794 Artedus
1562 1756 1604 1794 de
1607 1765 1709 1806 part.
1723 1755 1809 1805 pisc.
1826 1765 1860 1806 p.
1876 1769 1943 1807 22,
1965 1757 2031 1798 ubi

785 1818 806 1844 e
828 1808 945 1844 Branc
976 1807 1034 1845 iis.

602 1904 634 1942 †)
677 1901 739 1932 Vid.
752 1908 815 1945 Raj.
832 1902 914 1943 apatl,
928 1902 1072 1943 Wi'llughb.
1092 1901 1153 1932 Lib.
1167 1907 1188 1931 1.
1203 1912 1226 1932 c.
1243 1913 1267 1935 r·
1278 1913 1307 1942 p.
1317 1913 1346 1940 ρ.
1357 1903 1386 1932 &
1403 1900 1462 1933 Lib.
1477 1908 1534 1932 111.
1545 1912 1575 1941 p.
1590 1912 1629 1940 77
1639 1919 1652 1926 -
1681 1902 1810 1934 Severin.
1830 1903 1926 1944 Antr'p.
1935 1905 2029 1945 2:55·

683 1954 802 1994 piscibus
815 1955 876 1985 sunt
884 1957 1003 1987 arteriae,
1036 1961 1067 1984 ut
1080 1964 1138 1993 qvae
1153 1953 1237 1983 corde
1250 1955 1382 1987 exiliunt,
1405 1954 1642 1994 qvemadmodum
1658 1964 1691 1983 ex
1711 1954 1809 1993 hepate
1826 1965 1912 1986 venae.
1936 1958 2030 1991 Corda

685 2002 798 2042 piscium
816 2005 901 2033 unico
916 2002 1037 2046 gaudere
1052 2004 1209 2035 ventriculo
1220 2022 1229 2037 ‚
1247 2003 1303 2035 vid.
1316 2013 1427 2035 autores
1441 2005 1469 2033 &
1488 2003 1558 2035 Phil.
1575 2009 1670 2034 Trans.
1688 2003 1761 2045 Epir.
1780 2011 1818 2039 ιΙ,
1832 2010 1911 2044 848.

600 2092 652 2133 ††)
697 2094 866 2122 Membrana
883 2104 917 2123 ex
933 2095 1041 2123 {aminis
1058 2095 1214 2125 connruffl
1231 2094 1352 2128 duabus,
1375 2096 1461 2126 cossas
1486 2095 1603 2127 involvit
1625 2096 1824 2136 cartilagineas.
1889 2093 2029 2135 &aligero

680 2139 712 2169 in
728 2153 823 2175 comm,
839 2141 898 2170 Lib.
915 2149 935 2173 Ι.
950 2142 1009 2180 hist.
1025 2141 1114 2172 anim.
1132 2143 1215 2181 Arist.
1232 2154 1292 2183 cap.
1307 2156 1354 2177 35·
1374 2145 1517 2178 brancbiae,r
1535 2144 1595 2173 sunt
1617 2145 1771 2174 carunculae
1785 2144 1889 2176 rubrae,
1913 2144 2028 2188 fibi-offic,

681 2192 783 2220 lunatae
794 2212 801 2224 ‚
823 2192 873 2221 sizse
887 2194 913 2221 in
929 2192 1063 2231 aliqvibus
1080 2193 1309 2233 stipereqvitantes
1321 2215 1329 2228 ,
1359 2195 1464 2224 ambitu
1474 2194 1506 2224 ad
1517 2194 1605 2224 fauces
1616 2194 1725 2223 serrato.
1770 2194 1844 2224 Idem
1859 2195 1886 2222 in
1896 2206 1983 2223 comm
1999 2209 2026 2228 ρ,

681 2250 741 2279 cap.
759 2247 825 2276 108.
847 2241 983 2273 branchiae
998 2243 1074 2275 sunt,
1095 2245 1149 2276 ait,
1171 2244 1296 2284 alaeqvafi
1306 2245 1427 2285 qvaedam
1436 2256 1510 2285 pone
1525 2245 1660 2276 maxillas,
1683 2243 1785 2277 ru'brae.
1807 2245 2027 2284 semicirculares,

682 2292 756 2320 intus
773 2294 801 2321 in
816 2301 943 2321 convexo
959 2293 1053 2324 laeves.
1096 2296 1199 2323 extima
1217 2306 1266 2326 ora
1281 2296 1383 2327 serratae
1397 2317 1410 2334 ‚
1453 2306 1568 2337 qvarum
1581 2301 1664 2326 motu
1678 2296 1824 2336 aqvam25n
1837 2305 1904 2335 aqva
1922 2298 1950 2325 in
1964 2308 2026 2329 aere

681 2351 773 2373 aerem
797 2341 929 2378 reddunt.
949 2343 1007 2376 vid.
1013 2344 1106 2385 supra
1121 2348 1147 2384 §.
1168 2350 1226 2378 111.

929 2383 947 2387 ”’
1843 2383 1876 2435 §.
1902 2387 2023 2428 XXX.
