2139 3022
390 236 439 264 22
984 212 1059 250 DE
1121 209 1395 249 LAPILLIS

394 315 558 360 Tenram.
576 313 661 355 Call.
687 309 839 352 Vratisl.
854 311 905 350 ad
918 311 987 349 An.
1006 319 1098 358 1721.
1120 309 1207 347 Dec.
1226 308 1327 357 Claſj.
1349 308 1413 346 IV.
1436 307 1523 346 Art.
1544 316 1578 356 7.
1596 320 1631 346 n.
1643 319 1683 358 3.
1707 308 1958 359 exhibentur,

387 366 783 410 vocanturLAPlDES
812 363 997 400 SANCTl
1026 362 1191 399 PETRl.
1220 359 1321 408 qvod
1339 360 1579 408 imaginatam
1600 357 1736 401 [aciem
1751 359 1957 399 humanam

386 422 665 472 repraesentent,
692 417 727 453 in
748 414 973 451 memoriam
989 412 1084 449 Petri
1107 409 1313 448 Piscatoris.
1366 408 1510 447 Ibidem
1532 409 1729 457 dicuntur,
1756 411 1792 447 in
1803 409 1956 457 Officina

385 472 502 520 Regia
517 464 733 514 Berolinelfi
743 461 928 512 substituti
943 462 979 499 in
1006 460 1114 499 locum
1145 457 1270 505 Offlmn
1294 460 1466 506 Mamali,
1511 459 1546 498 ἃ
1571 472 1658 497 cum
1681 459 1791 498 nobis
1816 460 1958 509 aliqvot

388 521 524 562 abhinc
550 520 654 558 annis
678 519 891 554 innotuerat
918 515 1070 550 Beatum
1099 512 1344 548 Neumamzum
1372 512 1426 547 M.
1453 511 1500 547 D.
1531 510 1566 548 ἃ
1593 509 1757 548 Chemiae
1787 509 1958 549 Prach'cae

386 570 486 612 Prof.
505 570 607 609 Publ.
624 565 937 611 celeberrimum,
964 562 1142 600 Cranium
1166 559 1360 611 polsedisse
1384 559 1513 611 pileis,
1563 561 1600 598 in
1628 573 1704 609 qvo
1729 560 1957 599 flue'luabant

385 623 528 674 lapides
547 619 666 658 modo
684 615 793 664 dieii,
821 614 922 652 idem
942 613 1119 651 Cranium
1144 613 1359 661 nuperrime
1391 623 1438 648 cx
1461 609 1958 650 liberalitate·humaniffimi

386 673 547 711 Domini
569 668 747 714 Conradi,
782 666 846 714 qvi
869 665 907 702 in
932 663 1061 701 locum
1089 663 1188 699 Beati
1218 662 1428 699 Neumanni
1454 660 1639 708 lucceffit,
1682 660 1779 700 nadli
1810 664 1959 705 sumu83

386 732 613 774 qvapropter
643 717 810 769 publicas
837 713 901 766 ipfi
917 712 1114 751 referimus
1132 724 1264 762 grates.
1319 714 1464 761 Aperto
1481 712 1640 760 Cmnio,
1667 711 1764 750 duos
1780 711 1959 758 eqvidem

385 770 654 822 desumpfimus
672 766 812 818 lapides
827 763 1128 817 candidissimos,
1155 762 1190 799 <St
1211 760 1385 799 nonnihil
1406 759 1634 811 pellucidos,
1663 762 1711 800 ast
1731 761 1824 799 nihil
1849 773 1958 800 com-

384 836 500 863 mune
516 834 604 860 cum
621 818 816 858 fimulacro
831 814 1001 853 humanae
1022 814 1130 851 raciei
1148 811 1348 855 habentes;
1376 813 1552 850 Gemmas
1574 812 1701 862 p0tius
1714 810 1829 851 Plinii
1837 814 1956 861 Syno-

385 873 559 912 dontidas
585 869 657 909 esse
680 868 928 918 suspicamur,
962 863 1065 912 qvod
1096 861 1191 901 adeo
1223 864 1260 899 in
1292 861 1455 900 candore
1480 860 1691 912 splendent3
1732 857 1958 906 Conferatur

384 923 480 963 Tab.
499 925 556 960 lV.
575 920 639 959 ubi
656 932 697 967 a,
729 920 898 956 cranium
917 926 1093 966 pronum,
1119 912 1163 961 b,
1191 912 1385 963 supinum,
1412 925 1452 959 e,
1481 911 1619 962 lapides
1643 912 1830 964 desumpti
1855 912 1891 951 ἃ
1912 911 1958 951 ab

385 984 541 1022 utraqve
558 982 659 1022 parte
677 967 863 1007 delineari.
917 968 1007 1003 Sunt
1025 974 1149 1001 autem
1160 962 1396 1011 Synodontes
1414 961 1530 1013 pisces
1546 961 1618 1000 five
1629 964 1807 1001 Dentices
1825 964 1957 1014 proxi-

387 1026 444 1064 mi
463 1023 611 1062 Auratis
632 1020 667 1058 &
684 1019 828 1067 Pagris,
857 1018 1056 1062 Romaeqve
1076 1013 1267 1051 adveeiitii
1288 1025 1335 1050 ex
1366 1012 1514 1060 Illyrico
1540 1012 1804 1062 Dalmatiaeqvc
1834 1013 1957 1052 litori-

389 1075 470 1114 bus.
525 1074 567 1110 Id
577 1083 692 1120 genus
716 1080 840 1107 autem
860 1064 991 1114 obfimii
1006 1064 1145 1103 Medici
1167 1072 1377 1111 magnopere
1401 1060 1640 1111 detestantur,
1691 1076 1805 1114 prout
1829 1063 1958 1102 scribit

392 1120 669 1167 PaulusJovius
685 1120 726 1156 de
740 1117 910 1157 Romanis
925 1113 1077 1165 piscibus
1093 1123 1166 1162 cap.
1183 1114 1282 1161 XII,
1313 1112 1349 1150 ἃ
1375 1125 1459 1152 ante
1476 1113 1569 1152 alios
1587 1115 1722 1152 Petrus
1747 1113 1954 1163 Aponenfis‚

389 1177 454 1225 qvi
473 1174 560 1212 rudi
576 1169 642 1209 illa
657 1167 862 1218 tempestate
877 1166 993 1204 divini
1010 1162 1262 1202 Conciliatoris
1280 1173 1541 1212 cognomemmn
1570 1165 1689 1211 (unde
1697 1162 1796 1203 forte
1809 1177 1955 1215 cogno-

389 1237 478 1264 men
495 1223 683 1274 Lapidum
703 1222 753 1257 St.
771 1219 870 1257 Petri
886 1215 983 1255 nadli
1001 1215 1083 1253 sunt
1102 1213 1384 1263 Synodontidae)
1410 1215 1447 1252 in
1464 1226 1505 1251 ea
1522 1216 1736 1263 optimarum
1760 1214 1957 1255 literarum

381 1274 510 1325 strage
525 1270 736 1323 promeruit..
797 1269 834 1306 Is
851 1268 949 1306 enim
967 1264 1080 1315 pisces
1090 1262 1206 1312 semel
1227 1265 1355 1316 coelos,
1404 1263 1668 1314 affervatosqve
1693 1265 1735 1304 εἰ
1755 1265 1959 1315 praefi’rtim

390 1327 555 1374 vaserunt
572 1319 745 1369 conclusos
763 1315 935 1368 operculis
951 1315 1183 1362 mortifi’ram
1203 1311 1418 1362 qualitatem
1436 1316 1647 1363 acquirere,
1683 1317 1959 1364 mandentesqve

390 1386 487 1415 certo
499 1373 705 1424 plerumque
719 1381 847 1408 veneno
863 1365 1026 1415 inficere,
1041 1367 1184 1404 ratione
1198 1374 1307 1412 atqve
1323 1366 1567 1413 experimento
1587 1364 1845 1416 deprehendrſje
1853 1365 1959 1414 affir-

390 1426 529 1466 mavit,·
559 1435 637 1461 non
653 1433 778 1460 tamen
799 1416 1055 1457 confundendi
1073 1415 1154 1453 sunt
1181 1414 1321 1465 lapides
1338 1416 1388 1452 St.
1406 1416 1505 1453 Petri
1530 1429 1618 1454 cum
1633 1417 1733 1454 Pisce
1751 1415 1874 1455 Sansti
1890 1419 1960 1456 Pe-

390 1479 460 1522 tri,
487 1474 559 1514 five
575 1471 695 1511 Citula
712 1472 992 1514 Romanorum,
1019 1466 1054 1504 δι
1074 1464 1238 1515 Zaphiro
1248 1467 1501 1514 Venetorum,
1529 1467 1592 1515 qvi
1607 1479 1627 1504 e
1643 1478 1780 1517 genere
1797 1468 1958 1518 piscium

389 1527 589 1579 planorum
607 1522 678 1569 est,
705 1519 944 1559 fimilitudine
963 1517 1116 1563 Istricis,
1143 1517 1216 1565 ipsa
1233 1513 1329 1552 dorfi
1343 1517 1422 1554 acie
1432 1514 1618 1566 aculeata,
1644 1518 1766 1568 capite
1787 1529 1958 1568 extento,

391 1590 459 1617 ore
476 1573 670 1622 latissimo,
709 1571 756 1608 de
767 1582 843 1619 qvo
860 1569 902 1608 P.
916 1567 1047 1614 Jovius
1071 1575 1144 1615 cap.
1162 1565 1330 1604 XXVII.

1066 1664 1096 1714 ς.
1125 1664 1294 1703 xxxm.

489 1735 614 1782 Atqve
632 1730 713 1770 haec
729 1728 832 1776 sunt,
858 1736 935 1775 qu
959 1723 1006 1763 de
1030 1724 1234 1763 PISCIUM
1262 1723 1484 1761 LAPlLLIS
1508 1722 1775 1775 compendiare
1799 1725 1957 1766 dicenda

390 1783 510 1824 modo
527 1782 653 1821 habui.
721 1774 863 1831 Qodfi
879 1774 1118 1822 mendarum,
1145 1785 1240 1823 qvos
1257 1772 1427 1811 lubenter
1451 1774 1591 1812 evitare
1614 1775 1749 1824 cupio,
1781 1775 1954 1825 illaque-a.-

389 1847 450 1873 tus
468 1831 642 1886 periculis
662 1832 806 1868 caulam
819 1825 973 1873 Piscium
991 1824 1320 1873 Cartilagineorum
1339 1822 1607 1872 &Spinofhrum
1623 1823 1670 1862 de
1679 1823 1789 1873 fi'nfil
1800 1828 1832 1865 A
1844 1828 1878 1865 U
1880 1827 1954 1866 DJ.

395 1886 498 1924 TUS
516 1884 669 1931 ejusqve
679 1879 838 1928 Organis
854 1877 978 1914 minus
998 1873 1157 1913 feliciter
1166 1876 1241 1924 egi,
1258 1874 1406 1912 veniam
1418 1875 1506 1912 inre
1528 1874 1612 1913 satis
1630 1875 1741 1914 ardua
1752 1888 1814 1914 me
1832 1879 1954 1928 impe-

394 1946 578 1974 traturum
590 1944 637 1970 co
656 1931 793 1968 certius
804 1926 960 1966 confido
972 1955 982 1973 ,
1008 1937 1084 1974 qvo
1101 1923 1245 1963 facilius
1261 1936 1322 1962 me
1338 1923 1567 1963 oculatiores
1578 1937 1659 1963 rem
1675 1926 1713 1962 in
1732 1924 1954 1967 claritudine

392 1995 605 2036 exponent,
632 1980 694 2019 ubi
716 1978 936 2030 lippitudine
952 1988 1013 2014 me
1032 1974 1207 2013 laborasse
1223 1973 1513 2013 observaverint.
1564 1974 1728 2015 Eandem
1746 1979 1955 2027 materiam,

391 2038 489 2074 inter
509 2033 576 2072 alia
598 2030 807 2070 Observatu
824 2027 934 2076 digna
954 2027 991 2063 in
1004 2026 1164 2076 piscibus
1184 2026 1345 2063 Cemceis
1361 2024 1588 2075 reaffumpfi,
1625 2037 1712 2063 cum
1729 2024 1890 2066 fortuito
1908 2029 1956 2067 ad

388 2096 523 2124 manus
545 2091 726 2120 venerunt
747 2076 954 2125 Turfionum
974 2076 998 2113 12
1017 2073 1265 2114 Phocaenarum
1287 2076 1436 2113 Femina
1481 2076 1571 2123 rius,
1586 2075 1709 2125 postea
1721 2078 1816 2115 Mas.
1868 2080 1953 2116 Ho-

391 2148 474 2173 rum
502 2135 701 2171 Anatomen
730 2128 857 2166 videre
881 2126 1039 2177 cupidus
1062 2138 1149 2164 cum
1176 2127 1269 2162 Viro
1293 2126 1332 2163 in
1361 2087 1562 2163 excellenti
1589 2136 1667 2164 arte
1699 2127 1955 2167 Verlatiffimo

389 2184 690 2228 Doffiffimoqve
712 2180 784 2218 Dn.
807 2175 899 2216 dela
917 2179 1039 2215 Morte
1055 2178 1139 2221 jun.
1156 2178 1210 2213 M.
1230 2177 1277 2212 D.
1296 2175 1333 2213 ἀ
1348 2174 1516 2214 Ρτειέὶίεο
1544 2175 1614 2213 hac
1638 2175 1686 2214 de
1709 2188 1749 2214 re
1778 2180 1953 2217 conveni,

390 2236 463 2274 >Vir
473 2228 734 2276 humanzfflmus
753 2240 846 2266 voto
862 2238 1026 2266 annuens
1044 2225 1161 2277 pisces
1180 2225 1379 2264 sueceffive
1396 2226 1435 2263 in
1454 2224 1592 2264 aedibus
1606 2227 1701 2263 meis
1718 2225 1851 2266 Cultro
1868 2240 1954 2267 ana-

386 2286 534 2324 tomico
554 2281 729 2330 subjecit,
758 2278 927 2326 mihiqve
946 2276 982 2314 ἅ
1002 2277 1146 2317 Amicis
1162 2275 1398 2325 praesentibus
1420 2275 1565 2314 summa
1578 2274 1774 2325 facilitate,
1801 2289 1878 2326 qvae
1889 2277 1955 2316 de-

387 2332 624 2374 monstranda
641 2331 676 2369 Gt
693 2343 770 2378 qvae
789 2327 1036 2376 investiganda
1055 2324 1362 2375 desideravimus,
1388 2324 1435 2364 ad
1455 2324 1610 2363 oculum
1630 2326 1815 2376 exposuit.
1861 2330 1955 2366 Gra-

388 2387 456 2425 tias
474 2397 516 2424 ea
533 2392 686 2435 propter
701 2378 867 2431 publicas
886 2376 954 2428 Ipli
972 2375 1093 2416 habeo
1104 2406 1115 2426 ,
1155 2388 1225 2415 nee
1242 2388 1342 2426 non,
1370 2375 1473 2427 qvod
1482 2387 1635 2427 rogatus
1645 2375 1848 2468 Observpta
1860 2390 1954 2417 con-

454 2458 459 2464 '
523 2450 540 2460 '⁴
1807 2428 1953 2469 cribcre
