2139 3022
647 177 730 220 ἓξὲξ
831 177 876 228 ss
976 178 1060 220 ῗῑεὲζ
1578 192 1631 238 97

283 281 311 318 Ῑ.
337 278 614 319 NARWHAL
638 277 811 328 thsbter
833 279 905 329 est,
937 280 962 318 i.
985 292 1017 318 e.
1046 278 1194 330 mator,
1221 292 1351 331 aquam
1375 281 1538 321 haustam
1561 296 1627 334 per

79 329 290 369 fistulamin
314 332 432 381 capite
455 343 542 369 cum
565 331 709 381 impetu
731 331 910 378 rejiciens.
971 329 1082 369 Piscis
1108 333 1213 370 vivos
1240 332 1353 371 edens
1380 332 1521 372 catulos
1548 335 1626 385 (a),

78 379 321 432 pulmonibus
337 380 374 419 &
390 380 537 430 reliquis
553 379 751 418 visceribus
772 379 984 430 offibusque
1005 383 1213 432 praecipuis,
1240 392 1351 433 prout
1365 383 1627 435 quadrupedia,

78 434 158 469 imo
175 429 354 470 similibus
370 433 516 481 organis
531 429 742 480 auditoriis,
769 430 891 469 demta
907 440 1054 469 externa
1069 444 1174 481 aure,
1201 433 1394 482 praeditus3
1425 436 1539 472 cauda
1554 435 1626 474 ho-

76 479 269 525 rizontali3
309 483 369 521 Sic
384 483 429 520 ad
445 482 558 530 Oete,
584 479 642 519 vel
661 489 828 519 cetaceos
844 480 982 531 pisces,
1009 490 1111 520 certo
1127 484 1260 520 certius
1277 480 1500 523 referendus.

281 533 426 572 Omnes
443 531 560 582 pisces
576 532 746 581 Cetacei,
773 530 844 570 five
862 529 1090 581 physbteres‚
1117 531 1175 570 vel
1197 531 1333 570 habent
1355 532 1565 574 durisfimos
1588 536 1628 575 ὅτ

75 580 260 622 eburneos
284 582 430 630 dentes,
455 580 514 620 vel
538 590 661 620 carent
682 580 865 621 dentibus.
940 582 1271 622 NARWHALES
1295 582 1377 622 sunt
1402 584 1459 623 vel
1482 588 1626 626 Mono-

75 631 210 673 dontes
225 633 283 673 vel
298 631 483 673 Didontes
498 631 563 683 (b)
579 647 589 678 3
625 642 803 682 quantum
819 632 940 671 modo
957 634 1058 671 novi.

160 713 200 750 (a)
243 709 429 748 Embryonem
446 707 502 739 vid.
517 710 545 738 in
560 710 673 750 R'9s‘h·
690 709 744 738 Tb.
761 717 833 739 auat.
854 712 902 738 IX.
919 716 939 738 t.
956 720 977 739 r..
994 709 1012 738 f.
1033 719 1061 750 5.

157 777 206 821 (b)
247 778 329 809 Missu
347 780 380 806 V.
406 778 433 806 in
447 775 532 807 addit.
544 793 596 801 —
630 777 686 808 vid.
703 781 756 807 Dn.
773 777 926 817 Andetson.
944 777 1019 807 relat.
1034 775 1068 806 de
1083 775 1198 806 islandia
1214 777 1266 807 ὅτε.
1284 789 1311 818 p.
1328 779 1401 812 206·
1412 797 1462 804 —-
1508 782 1622 821 Zorgdr.

236 825 271 856 de
293 829 404 866 integro
425 827 512 865 capite
534 824 661 861 didonte,
690 828 888 858 Amsselodami
913 828 962 859 sale
983 830 1116 862 condito,
1146 839 1173 868 p.
1197 840 1246 871 33.
1269 847 1324 855 —
1367 832 1481 872 Oiigero
1501 836 1625 871 Jacobaeo

235 878 285 906 fol.
304 886 351 917 14.
373 876 496 910 videtur,
523 885 553 908 ut
575 879 727 919 plurimum
748 877 886 909 bicornem
908 880 959 910 effe
972 897 1027 906 —
1057 881 1179 920 Saetbfius
1199 882 1297 911 rcfflus
1316 880 1481 913 Rhinoceros
1495 887 1624 917 marinus

235 928 326 958 vocari
343 926 498 957 arbitratur.

274 993 471 1043 Ejusmodi
487 993 615 1033 dentes
631 993 714 1032 sunt
729 994 788 1033 vel
802 994 976 1035 turbinati
992 994 1063 1035 five
1078 996 1238 1046 tortuosi,
1257 997 1314 1037 vel
1330 998 1434 1038 laeves
1451 1001 1524 1051 (c),
1550 1003 1622 1054 vel,

69 1045 95 1088 fi
115 1046 238 1098 figurae
258 1046 509 1095 Zorgdrageri
528 1057 607 1103 non
627 1043 776 1095 fallunt,
798 1044 934 1095 finuost
958 1049 1015 1096 (sie
1036 1049 1108 1096 seon
1126 1060 1171 1088 an
1188 1051 1313 1097 einigen
1330 1049 1445 1092 Drten
1460 1054 1557 1094 fiunt
1584 1067 1620 1105 p.

70 1098 150 1149 36.)
201 1098 268 1136 Per
285 1109 347 1134 me
365 1095 471 1146 licet,
499 1094 524 1135 fi
539 1108 621 1145 quis
636 1096 759 1134 dentes
772 1096 860 1135 velit
875 1097 1055 1149 appellare
1070 1111 1212 1138 cornua.

152 1178 193 1215 (c)
235 1178 290 1206 Dn.
304 1171 444 1213 Anderson
466 1184 493 1213 p,
509 1173 580 1205 206·
611 1174 693 1202 Sachs
706 1174 881 1203 monocerol.
898 1185 924 1214 p.
940 1184 992 1216 95.
1018 1174 1133 1215 Zorgdr.
1151 1187 1178 1215 p.
1196 1185 1245 1216 33.
1270 1179 1375 1216 Happel
1388 1179 1415 1208 in
1429 1180 1556 1211 relation.

4 1287 6 1293 Ι
272 1241 418 1280 Omnes
441 1253 488 1278 ex
498 1239 688 1290 fitperiori
710 1239 916 1281 mandibula
943 1242 1010 1292 (d)
1034 1241 1092 1281 vel
1103 1239 1343 1292 fimstrozfizm
1366 1245 1424 1284 vel
1447 1249 1619 1299 utrinque

66 1292 253 1346 prodeunt
268 1322 279 1341 ,
313 1290 362 1329 ast
383 1288 533 1329 foetibus
556 1291 710 1329 demum
735 1291 889 1331 exclufis
910 1303 1160 1344 prorumpunt
1182 1297 1420 1345 crescuntque
1442 1297 1549 1348 super
1570 1300 1618 1339 al-

66 1342 184 1383 veolis
206 1342 290 1381 suis.
353 1344 495 1380 Eorum
510 1339 715 1391 fitbstantia
740 1342 892 1391 quidem
923 1342 1036 1392 ossea,
1064 1344 1126 1382 sed
1150 1348 1296 1396 egregie
1320 1346 1429 1396 dura,
1456 1348 1616 1390 eburnea

65 1393 225 1442 scilicet,
248 1391 292 1430 ab
308 1390 402 1430 ossea
419 1390 609 1430 substantia
623 1392 919 1431 mandibularum
934 1392 1041 1444 plane
1057 1394 1218 1440 diver1215
1245 1394 1431 1436 molarium
1448 1398 1617 1440 dentium

64 1456 179 1484 nemo
196 1441 374 1482 hastenus
391 1441 462 1480 ulla
478 1441 618 1480 detexit
632 1442 789 1493 vestigia.

267 1495 420 1543 Propter
444 1491 723 1531 multitudinem
747 1493 936 1544 dentium,
964 1496 1027 1544 qui
1048 1496 1219 1535 eradicati
1239 1498 1495 1550 inveniuntur,
1521 1505 1616 1542 veri-

62 1544 180 1586 fimile
200 1543 294 1582 mihi
310 1543 475 1592 videtur,
502 1542 698 1592 aliquando
716 1555 734 1581 a
751 1543 1033 1583 succedentibus
1050 1548 1149 1584 novis
1161 1547 1345 1587 deturbari
1362 1550 1489 1590 dentes
1505 1565 1615 1591 anno-

51 1596 116 1648 Jbs
142 1593 236 1645 (vid.
259 1594 412 1643 Zorgdr.
437 1606 472 1644 p.
500 1595 579 1643 34.)
607 1593 710 1642 quod
736 1606 813 1632 non
838 1592 958 1633 solum
982 1593 1159 1635 lafiarius
1181 1599 1219 1635 in
1243 1602 1398 1638 armario
1421 1601 1616 1644 Societatis

64 1642 279 1693 Gedcmenfis
305 1641 490 1695 depofitus
511 1644 571 1691 (e)
599 1643 689 1682 serra
712 1656 759 1681 ex
782 1647 935 1694 antiquo
957 1645 994 1684 &
1017 1646 1205 1697 praelongo
1224 1648 1333 1688 dente
1352 1651 1492 1691 solutus
1507 1667 1614 1693 com-

63 1696 216 1749 probat,
242 1694 305 1733 sed
326 1694 363 1732 ἃ
384 1696 488 1740 Joan.
505 1692 712 1733 Fleisherus
737 1694 835 1745 apud
866 1696 1083 1744 Wormium,
1111 1711 1198 1736 cum
1223 1699 1373 1738 dentem
1389 1714 1406 1740 a
1424 1703 1522 1751 Rege
1546 1704 1610 1746 fibi

61 1748 259 1795 traditum,
285 1753 326 1782 ut
342 1744 602 1796 philosophice
618 1744 829 1795 calcinaret,
856 1746 892 1784 <St
909 1749 945 1784 in
961 1746 1061 1786 hunc
1079 1747 1192 1787 finem
1210 1748 1299 1788 serra
1314 1751 1413 1798 juxta
1431 1744 1527 1792 halin
1543 1770 1612 1805 qua

60 1807 203 1850 partem
220 1794 420 1844 dividiss‘et,
447 1807 488 1833 ac
504 1792 638 1833 fortius
659 1794 845 1845 aliquanto
861 1795 1044 1846 reliquum
1062 1799 1311 1850 concutiiffet‚
1338 1803 1502 1854 testatur,
1528 1819 1612 1845 eru-

60 1847 143 1900 P'ffi'
158 1844 323 1886 tenellum
345 1859 387 1884 ac
403 1858 546 1884 novum
569 1847 728 1896 dentem,
755 1847 885 1895 majori
901 1847 1061 1887 inclusus
1078 1852 1140 1898 qui
1155 1848 1243 1899 fuit,
1271 1851 1384 1901 figura
1400 1853 1436 1892 <St
1454 1856 1611 1896 substan-

61 1901 110 1938 tia
133 1897 239 1950 plane
261 1895 417 1935 firnilem
442 1908 579 1946 magno
600 1897 668 1935 isti.
733 1897 823 1936 Ideo
847 1910 996 1948 quoque
1021 1901 1163 1950 dentes,
1191 1914 1260 1951 qua
1283 1906 1425 1942 tertiam
1450 1917 1610 1959 partem,

61 1959 208 1989 cavatos
223 1946 293 1987 effe
309 1948 586 1997 Zorgdragerus
601 1953 776 1986 autumat.

144 2025 189 2064 (d)
231 2027 347 2064 Optime
364 2021 518 2062 Cyprianus
533 2023 566 2053 ad
582 2022 743 2055 Franza‘nm
764 2036 789 2064 p.
808 2035 908 2068 21972
937 2029 977 2056 Ex
994 2028 1156 2066 proboscide
1171 2029 1270 2059 sinislra
1289 2030 1353 2061 dens
1370 2043 1514 2070 procerus,
1538 2037 1610 2066 [ΙΙ-ἱει-

223 2082 269 2103 tus
284 2073 312 2102 δι
327 2074 499 2102 acuminatus
512 2071 621 2112 prodit,
637 2072 740 2114 copioso
755 2085 834 2102 muco
847 2076 874 2103 8<
890 2077 1025 2116 concbust's
1043 2076 1108 2116 saepe
1125 2079 1229 2108 velatus
1243 2095 1291 2103 --
1316 2084 1376 2118 Ejus
1393 2082 1459 2112 basis
1475 2084 1518 2112 seu
1533 2085 1610 2115 radix

222 2123 290 2152 latet
311 2123 339 2151 in
361 2123 449 2151 rossro
470 2122 573 2151 sinistro
597 2122 695 2161 pedem
722 2133 808 2152 unum
825 2133 887 2152 curn
904 2133 1024 2165 quatuor
1041 2127 1205 2165 pollicibus;
1235 2138 1310 2165 pars,
1332 2140 1392 2168 quae
1405 2132 1489 2161 thecae
1506 2133 1547 2163 seu
1564 2146 1609 2164 ro-

222 2173 277 2201 ssro
299 2170 466 2204 includitur,
492 2170 601 2200 videtur
621 2171 672 2201 effe
691 2171 764 2201 rudis
786 2172 814 2200 8<
837 2174 925 2213 aspera
949 2173 1002 2203 sine
1025 2176 1106 2207 striis,
1137 2178 1164 2204 in
1181 2176 1268 2204 radice
1284 2178 1364 2205 instar
1381 2182 1445 2208 enni
1462 2183 1608 2217 turbinata,

221 2227 279 2250 tam
294 2221 408 2248 firmiter
423 2218 508 2249 thecae
524 2219 552 2248 8:
573 2219 640 2248 finni
661 2220 708 2249 suo
724 2220 839 2253 inclusa,
863 2229 892 2249 ut
912 2224 1035 2255 moveri.
1060 2224 1182 2252 vacillare
1203 2224 1243 2252 vel
1265 2226 1367 2254 extrahi
1391 2237 1528 2265 neque2t;
1562 2232 1608 2261 ubi

222 2270 302 2299 theca
318 2270 359 2299 vel
374 2269 461 2297 rostro
478 2268 634 2309 egreditur,
656 2278 746 2308 aequat
763 2271 789 2299 in
805 2270 955 2310 peripheria
972 2272 1085 2310 pollices
1102 2283 1218 2307 novem,
1242 2274 1303 2303 hinc
1317 2274 1386 2315 gyri
1399 2278 1542 2317 incipiunt.

142 2341 185 2376 (e)
226 2339 310 2378 Cujus
323 2337 471 2369 iconismus
487 2347 551 2368 cum
564 2339 726 2379 quintuplici
745 2338 818 2369 serrae
834 2338 964 2369 incisione
982 2340 1051 2370 Tab.
1066 2342 1137 2371 XiV.

868 2409 905 2446 N
1427 2412 1608 2453 NARw-

1621 2327 1691 2357 Tab.

1623 2372 1697 2401 XIV.
