2139 3022
636 217 984 270 EORUMQVE
1035 218 1312 260 NUMERO.
1699 206 1748 270 23

183 318 345 358 scribere
357 317 502 363 'voluit3
527 316 628 356 unde
645 316 695 355 est
710 316 818 366 ‘qvod
837 319 953 366 T1B1‚
972 317 1172 357 LECTOR
1203 319 1343 359 BENE
1350 319 1481 361 VOLE
1485 351 1496 368 ‚
1522 317 1747 358 Schedulam

183 367 445 408 memorialem
504 369 587 407 Viri
611 365 826 416 Doffiffimi,
853 369 915 407 cui
936 380 1012 406 uon
1033 367 1097 407 nifi
1120 381 1235 420 pauca
1257 370 1433 421 adjunxi,
1471 384 1558 409 cum
1582 369 1745 408 delinea-

179 421 347 458 tionibus
371 432 496 458 rerum
515 419 591 457 hnc
607 419 876 469 pertinentium
901 418 1131 469 Appendicis
1147 419 1235 458 roco
1260 433 1471 471 exponam,
1502 420 1653 459 tandem
1669 421 1747 458 Co-

180 468 389 520 lophonem
409 469 545 508 addent
564 468 738 506 nonnulla
756 481 774 506 a
796 481 857 506 me
876 467 1065 516 observata
1080 471 1118 507 in
1142 471 1269 519 Capite
1291 473 1393 518 ngjae
1415 471 1590 510 dentibus
1611 468 1745 508 acutis-

181 519 280 558 fimis
301 521 478 558 recurvis.
539 518 656 572 Qod
681 530 806 556 autem
836 519 930 567 justo
955 520 1070 557 serius
1095 520 1279 570 prodierit
1304 523 1505 563 MISSUS'
1523 520 1745 567 PRIMUS,

178 570 327 622 culpam
347 571 525 617 conjicias
544 571 580 607 in
598 570 787 607 immitem
810 569 982 620 superatae
1012 569 1150 608 hiemis
1172 571 1428 622 asperitatem,
1456 573 1594 624 qvippe
1612 584 1689 620 qvae
1707 569 1745 608 &

178 620 474 671 Chalcographis
504 619 755 657 neceffitatem
780 619 982 670 imposuit,
1012 620 1229 659 cunctanter
1247 623 1378 662 utendi
1397 623 1499 662 caelo.
1568 623 1745 660 Priorum

176 669 408 708 Tabularum
426 681 584 718 qvatuor
605 682 733 707 curam
753 669 1022 708 benevolenter
1042 670 1080 708 in
1095 670 1133 708 se
1148 670 1306 723 suscepit
1325 673 1584 712 Nobiliffimus
1604 672 1641 717 ἃ
1667 672 1743 708 Ge-

176 719 425 758 nerofiffimus
442 721 798 770 CLIFFORTIUS‚
825 721 891 757 Vir
907 719 952 759 ad
971 719 1067 758 bene
1094 721 1283 770 agendum
1308 723 1344 761 ἃ
1369 724 1415 762 ad
1441 722 1646 762 commoda
1669 721 1743 759 Hi-

176 771 293 808 storiae
311 769 483 809 naturalis
500 770 760 821 promovenda
778 782 897 809 natus.
948 770 1183 810 Curatiffime
1217 774 1356 823 Figurae
1383 774 1529 825 sculptae
1554 771 1743 810 venustate

173 818 278 870 fimul
299 820 475 864 affluunt3
501 833 571 858 nec
592 820 728 867 credo,
754 823 845 870 TE,
881 820 1141 859 Amantiffime
1160 822 1320 872 Ledtor,
1350 824 1490 874 aliqvid
1513 825 1551 861 in
1574 821 1742 861 Caelami-

172 882 219 908 ne
237 869 549 917 defideraturum3
575 870 651 909 hoc
673 870 916 909 solummodo
932 872 1001 909 TE
1027 871 1162 910 rescire
1179 872 1369 924 desidero,
1400 874 1511 924 „qvod
1540 874 1607 912 Vir
1627 874 1742 922 Optu-

174 933 271 969 mus,
297 933 433 960 munus
454 921 677 960 antecedens
695 923 811 960 Horti
831 921 905 969 sui,
932 922 1030 959 inter
1046 921 1343 962 inflrudliffimos
1359 924 1538 973 celebris,
1574 923 1741 962 muneri-

173 970 241 1010 bus
262 971 380 1009 modo
398 971 665 1021 cumulaverit,
696 985 804 1020 cum,
838 983 968 1022 praeter
993 984 1147 1010 omnem
1170 974 1497 1025 praesumptionem
1524 974 1582 1014 vel
1608 973 1740 1023 exspe-

170 1022 396 1070 elationem,
423 1034 500 1060 non
522 1021 643 1060 solum
661 1035 775 1060 aeneas
794 1022 854 1060 sed
877 1022 912 1060 ἃ
929 1021 1042 1073 praelo
1059 1024 1249 1062 mandatas
1264 1024 1428 1064 Tabulas
1455 1025 1619 1077 praefatas
1636 1024 1740 1073 Qa-

169 1083 258 1111 tuor
276 1071 476 1110 affed'tuose
497 1084 539 1111 ac
563 1072 762 1111 liberaliter
787 1072 944 1120 obtulit,
996 1084 1036 1111 ut
1061 1074 1198 1112 iisdem
1222 1076 1260 1112 in
1283 1077 1441 1125 gratiam
1470 1076 1581 1124 hujus
1606 1073 1740 1112 Missus

170 1134 305 1161 uterer.
360 1124 478 1161 Pietas
495 1123 772 1173 ingratitudinis
795 1122 878 1162 tabe
899 1135 961 1161 me
978 1121 1145 1162 laborare
1165 1124 1345 1172 judicaret
1360 1157 1371 1176 ‚
1409 1125 1434 1165 fi
1457 1128 1558 1165 TlBl
1587 1125 1625 1164 id
1647 1125 1738 1162 reti-

169 1185 294 1211 cerem
307 1203 318 1222 ,
346 1172 448 1221 qvod
473 1174 541 1211 Vir
555 1170 814 1220 Honestzffimns
831 1186 1019 1222 nunqvarn
1036 1173 1264 1224 publicasset.
1315 1177 1455 1215 Omnia
1473 1175 1577 1216 fimul
1594 1177 1632 1214 in
1649 1177 1738 1213 Tua

168 1222 394 1272 commoda,
421 1236 499 1272 qvae
521 1236 568 1262 ex
586 1222 739 1275 publico
756 1223 966 1279 commodo
982 1225 1067 1262 Tua
1084 1225 1185 1274 sunt,
1212 1224 1440 1276 redundant,
1467 1227 1504 1267 δι
1524 1224 1653 1276 qvodfi
1680 1227 1739 1263 in-

167 1274 275 1324 super
291 1275 456 1312 Conatus
473 1286 581 1313 meos
598 1276 698 1312 TlBI
717 1273 941 1312 inserviendi
959 1273 1232 1325 qvalescunqve
1248 1277 1287 1314 in
1308 1277 1448 1318 bonam
1473 1279 1632 1328 accipias
1655 1287 1739 1326 par-

169 1335 269 1370 tem,
312 1325 428 1372 iniqvi
454 1337 579 1362 rerum
608 1325 846 1363 aestimatores
871 1337 931 1362 me
955 1337 1032 1362 non
1064 1325 1328 1377 deterrebunt,
1389 1330 1479 1378 qvin
1509 1326 1737 1380 propediem

170 1375 272 1412 TIBI
296 1374 490 1412 Tentamen
515 1376 557 1412 de
580 1376 737 1414 PISCIB
747 1376 828 1424 US,
867 1375 932 1423 qui
954 1376 1301 1416 PULMONIBUS
1316 1382 1499 1428 gaudent,
1534 1378 1582 1418 ad
1603 1376 1739 1424 iustum

166 1436 369 1463 numerum
386 1425 422 1464 ἀ
439 1424 615 1465 ordinem
631 1425 836 1464 naturalem
853 1424 1068 1476 redigendis
1086 1426 1322 1468 exhiberem.
1413 1448 1417 1450 ·

728 1521 900 1562 AElianus
924 1526 963 1563 in
988 1525 1146 1574 Praesat.

225 1634 228 1635 γ
264 1598 467 1656 Nunqvam
483 1599 610 1638 omnia
628 1597 806 1638 omnibus
822 1598 992 1650 placent,
1010 1611 1073 1638 aut
1089 1599 1213 1639 fludio
1230 1599 1406 1640 videntur
1425 1596 1536 1650 digna
1554 1598 1734 1639 omnibus

164 1658 305 1686 omma.

1528 2458 1555 2495 Ι.
1582 2456 1715 2498 ANA-
