2139 3022
394 205 472 248 .23
773 194 854 235 DE
885 192 1197 234 DENTIBUS
1236 191 1637 235 BALAENARUM.

483 302 516 343 1.
572 298 651 343 DE
682 295 973 365 DPZNTIBUS
999 295 1381 337 BALAENARUM
1405 305 1461 336 ET
1485 288 1932 335 ELEPHANTINIS.

1095 421 1127 474 §.
1154 424 1325 462 XXXVI.
1786 455 1795 459 Δ

513 506 646 560 'Qod
665 505 892 545 BALAENAE
907 503 984 544 aliae
999 502 1081 542 sunt
1095 484 1269 542 Dent'atae
1288 501 1363 542 aliae
1386 501 1569 543 Edentulae
1584 534 1597 553 ,
1648 503 1842 543 historiam
1859 514 1992 542 earun-

428 558 516 598 dem
536 557 697 597 multum
714 556 908 596 illustraret
924 555 1100 594 Dentium
1118 563 1293 592 accurata
1308 554 1474 602 cognitio.
1584 555 1675 607 Qae
1696 567 1783 593 cum
1807 555 1904 592 adeo
1926 565 1992 591 ne-

426 607 546 660 gledla
564 608 604 647 fit
626 606 827 656 melenus,
878 616 918 643 ut
935 618 982 644 ne
1000 603 1153 654 qvidem
1176 606 1215 642 in
1239 603 1468 655 potiffimam
1491 607 1749 644 maximorum
1774 603 1994 643 animalium

427 671 595 711 partem,
645 666 851 709 qvaecaput
869 656 919 694 est
937 687 948 704 ‚
998 655 1139 694 nedum
1156 656 1195 693 in
1217 654 1331 693 ric'lus
1353 655 1578 693 Balaenarum
1599 654 1784 694 sufficiens
1805 652 1993 704 inqvifitio

432 708 548 748 fuerit
563 707 755 757 instituta,
806 707 908 745 hunc
925 704 1106 757 infignem
1127 702 1316 744 defedlum
1333 706 1489 756 posteris
1500 706 1676 755 eqvidem
1700 705 1909 744 tollendum
1934 716 1993 742 re-

428 760 655 808 linqvimus‚
705 769 745 797 ut
762 756 961 806 aliqvando
980 758 1237 807 experiantur:
1288 768 1399 805 qvam
1415 755 1617 808 pulchrum
1636 754 1700 805 fit,
1742 756 1865 806 digito
1884 767 1995 793 mon·

427 810 532 850 strari
549 809 585 848 ἃ
601 808 719 848 dicier
738 838 750 858 ‚
801 806 866 846 hic
884 808 933 845 est
947 820 965 851 3¹
1009 808 1161 845 interim
1180 817 1305 845 tamen
1329 804 1403 855 illi,
1455 809 1494 845 in
1518 817 1682 856 qvorum
1707 805 1996 844 colledlionibus

428 860 560 898 dentes
579 859 773 907 hucusqve
789 856 885 907 qvafi
907 856 1038 908 lepulti
1056 857 1248 904 jacuerunt
1267 875 1299 906 ‚⁷
1330 869 1482 895 manum
1505 856 1529 895 fi
1553 856 1853 895 commodabunt
1884 853 1997 894 subfi-

428 910 523 960 diis,
576 909 801 958 dentesqve‚
852 919 946 956 qvos
974 906 1160 958 poffident
1176 937 1188 956 ‚
1240 920 1326 946 cum
1345 906 1499 957 publico
1522 909 1805 946 communicare
1826 919 1903 944 non
1933 904 1999 943 de-

429 959 686 1011 aignabuntur
700 989 712 1009 ‚
763 957 864 998 haud
888 970 1019 1008 parum
1039 957 1246 1006 adjumenti
1273 957 1468 997 conferent
1490 956 1563 995 illis
1579 989 1591 1006 ‚
1643 957 1776 1007 qvibus
1794 969 1888 995 curae
1910 967 1997 993 cor—

430 1012 544 1060 diqve
572 1009 673 1049 foret
700 1040 712 1060 ‚
783 1008 945 1047 successu
978 1010 1161 1058 temporis
1189 1007 1345 1047 Balaenas
1375 1007 1441 1047 fibi
1466 1006 1607 1046 'obvias
1646 1009 1802 1059 propius
1847 1005 1997 1044 intueri.

414 1062 604 1110 -Prtmus,
665 1058 769 1109 qvod
796 1060 981 1108 memini,
1031 1059 1220 1106 ejusmodi
1236 1059 1366 1097 dentes
1391 1071 1439 1097 ex
1455 1070 1630 1116 apparatu
1657 1064 1725 1096 luo
1747 1054 1999 1113 deprompsit,

432 1113 638 1160 iconesqve
655 1109 745 1167 duas
764 1108 946 1160 publicari
971 1108 1135 1160 permifit
1159 1107 1272 1147 Celeb.
1297 1108 1337 1154 J.
1364 1109 1405 1147 P.
1432 1110 1610 1158 Breymus
1626 1138 1638 1156 ,
1692 1121 1769 1166 qYae
1793 1108 1934 1165 exilant
1958 1117 2000 1164 131

435 1160 573 1200 Colle&
614 1158 766 1198 Vrattsl.
804 1161 968 1198 Tentam.
1005 1159 1238 1198 XXXIII.
1265 1169 1300 1209 p.
1315 1170 1401 1209 551
1418 1190 1429 1209 ,
1480 1157 1614 1198 Altera
1634 1158 1756 1196 dentis
1776 1156 2000 1196 falcxformls

416 1213 570 1261 (cujus
590 1212 824 1248 mentionem
844 1210 1042 1258 injecimus
1067 1209 1097 1260 §.
1122 1211 1218 1258 XV)
1270 1209 1402 1248 Altera
1425 1209 1516 1248 rec‘ii
1531 1240 1544 1258 ‚
1593 1208 1697 1247 craffi
1719 1209 1755 1247 ὅτ
1780 1207 2000 1250 iubrereti83

432 1274 504 1301 nos
528 1262 717 1310 Tertium,
768 1273 882 1309 qvem
897 1257 1045 1298 Balcenae
1060 1262 1197 1298 dentem
1216 1260 1444 1309 judicamus,
1496 1272 1544 1298 ex
1563 1257 1708 1298 laudati
1731 1258 1883 1297 Domini
1912 1258 2000 1296 Pos-

329 1307 366 1336 T.
383 1305 572 1363 W‘sefforis
590 1310 871 1362 Gazophylacio
892 1322 1048 1359 naturae,
1105 1309 1192 1349 Tab.
1212 1311 1235 1348 I
1250 1311 1286 1347 V.
1298 1310 1340 1358 f]
1363 1323 1389 1348 1.
1418 1311 1477 1348 aeri
1494 1310 1653 1348 incisum
1674 1308 1850 1356 fistimus,
1902 1307 2002 1346 radi'-

354 1349 407 1379 fa.

353 1466 410 1497 fiz.

355 1523 412 1561 ἧς.

434 1376 479 1402 ce
500 1362 622 1413 ample
640 1373 764 1400 cavata
776 1392 787 1411 ‚
803 1359 903 1409 qvafi
921 1360 1137 1409 imbricata,
1166 1360 1222 1398 vel
1247 1359 1461 1399 lamellarim
1478 1361 1524 1399 ad
1541 1359 1685 1399 arboris
1702 1361 1812 1398 instar
1825 1370 2002 1409 vegetan-

435 1424 494 1461 te,
544 1414 648 1462 apice
669 1424 801 1463 parum
827 1411 994 1455 inflex03
1048 1410 1138 1449 huic
1155 1411 1360 1459 adjecimus
1368 1410 1462 1459 fire
1471 1409 1649 1460 similem,
1702 1410 1826 1448 radice
1846 1409 2003 1457 majoris

435 1460 695 1511 confistentiae,
747 1462 921 1500 craffiore
938 1461 975 1498 ὅτ
995 1462 1118 1500 minus
1136 1473 1282 1511 cavata,
1332 1460 1419 1499 ibid.
1429 1461 1472 1509 f.
1488 1473 1531 1510 2,
1584 1474 1630 1499 ex
1647 1473 1714 1499 ore
1731 1460 1894 1508 Balaenae,
1921 1470 2002 1507 qvae

436 1524 660 1563 anno—1739
681 1511 727 1550 ad
745 1510 906 1550 insulam
933 1510 1040 1559 Uliam
1055 1522 1204 1554 necata3
1267 1524 1336 1549 nec
1353 1523 1431 1549 non
1446 1512 1643 1550 maximum
1662 1541 1672 1560 ,
1722 1509 1807 1549 ibid.
1821 1508 1938 1560 figur.
1951 1520 2004 1558 3,

436 1563 562 1602 radice
579 1561 784 1613 compressa
802 1573 933 1612 parum
950 1573 1060 1610 cava,
1112 1563 1149 1599 in
1165 1562 1271 1609 cujus
1291 1563 1417 1612 apice,
1467 1561 1641 1600 nonnihil
1665 1563 1825 1601 incurvo
1839 1591 1853 1610 ‚
1905 1557 2004 1608 qvafi

437 1615 594 1653 cicatrix
610 1615 748 1663 vagina>
765 1612 966 1663 superioris
988 1610 1228 1659 mandibulae,
1280 1625 1357 1661 qvae
1383 1612 1572 1661 ejusmodi
1599 1612 1752 1650 dentem
1769 1642 1783 1662 ,
1835 1611 1926 1648 dum
1950 1610 2004 1647 ri-

438 1663 542 1703 &um
561 1662 699 1702 claudit
715 1661 874 1712 Balaena‚
923 1663 1092 1713 excipit;
1141 1661 1274 1700 ambos
1299 1675 1346 1700 ex
1362 1661 1477 1709 mufi’o
1502 1662 1585 1701 olim
1610 1660 1733 1710 nostro.
1845 1659 2005 1699 Ultimus

440 1727 486 1753 an
514 1713 556 1753 fit
577 1726 625 1752 ex
651 1726 719 1752 ore
742 1711 890 1752 Balaenae
919 1709 1187 1760 macrocephalae
1207 1743 1219 1761 ‚
1271 1725 1348 1761 qvae
1374 1725 1393 1751 a
1420 1711 1589 1752 Sibbaldo
1614 1715 1664 1751 ita
1692 1722 1849 1750 vocatur
1897 1709 2003 1758 (vicl.

441 1767 484 1813 ᾗ.
502 1765 598 1804 XV.
620 1776 654 1802 n.
673 1764 729 1810 2.)
778 1763 841 1801 sed
861 1763 984 1801 minus
1002 1761 1192 1811 distincte,
1245 1764 1348 1812 qvod
1372 1776 1506 1802 omnes
1530 1763 1675 1802 Balaeuae
1706 1764 1789 1801 lunt
1810 1772 2005 1800 macroce-

439 1814 558 1866 phalae
582 1814 646 1852 res
666 1813 750 1853 estu
775 1825 998 1852 caeterorum
1020 1812 1261 1862 Phyieterutn
1279 1844 1289 1862 ‚
1357 1825 1464 1852 certo
1490 1814 1674 1852 affirmare
1696 1825 1773 1851 non
1798 1811 2004 1863 possumus.

442 1866 611 1904 Cctorum
655 1864 854 1902 ifferentias
874 1864 912 1902 in
933 1861 1024 1911 Htst.
1041 1865 1206 1902 Anatom.
1225 1863 1348 1902 attulit
1376 1862 1529 1903 Thomas
1545 1862 1779 1903 Bartholinus
1805 1864 1863 1908 a).·
1898 1873 2008 1900 unum

442 1927 561 1967 genus
581 1914 736 1954 obtusos
752 1914 883 1953 dentes
898 1913 1056 1964 habere,
1110 1913 1242 1952 breves
1274 1914 1310 1952 ὅ(
1329 1914 1461 1953 crassos
1479 1946 1490 1964 ‚
1550 1914 1705 1954 alterum
1728 1910 1914 1952 Narwhal
1934 1911 2008 1950 effe

443 1966 563 2015 dicit,
614 1977 694 2005 uno
706 1964 787 2002 solo
808 1964 943 2014 dente,
994 1977 1042 2002 ex
1060 1964 1272 2003 mandibula
1291 1965 1522 2016 prodeunte,
1576 1966 1693 2014 longo
1714 1964 1750 2002 ἂ
1768 1964 1894 2002 striato
1914 1975 2007 2012 prae-

443 2016 577 2055 ditum.
678 2015 841 2065 Verum,
891 2014 916 2053 fi
938 2014 1141 2053 dicendum
1161 2015 1263 2063 qvod
1282 2028 1339 2053 res
1355 2017 1426 2065 est,
1502 2027 1586 2054 rout
1604 2014 1760 2064 Piscium
1773 2045 1785 2063 ‚
1838 2015 1900 2062 qvi
1919 2010 2007 2052 Pul-

442 2065 602 2105 monibus
609 2067 795 2114 gaudent,
834 2063 995 2112 fizmilict
1009 2065 1122 2103 titulo
1137 2066 1303 2104 Cetorum
1321 2065 1428 2105 valde
1442 2078 1468 2104 o
1497 2068 1596 2105 scura
1614 2064 1782 2103 redditur
1793 2095 1805 2113 ,
1848 2066 1912 2113 (ff.
1930 2063 2007 2107 X.)

444 2116 494 2156 fic
509 2128 691 2166 generum
708 2116 896 2153 distinctio
913 2129 932 2154 a
949 2114 1124 2154 dentibus
1145 2115 1304 2165 obtusis,
1351 2117 1528 2156 brevibus
1546 2116 1582 2154 ἃ
1599 2115 1743 2164 craffis,
1795 2114 1854 2152 vel
1871 2114 2010 2164 longis,

444 2166 578 2206 sitiatis
594 2166 630 2203 ἃ
648 2164 858 2204 iblitaribus
875 2166 1069 2217 desumpta
1085 2179 1186 2214 aeqve
1209 2166 1364 2205 obscura
1391 2177 1515 2205 manet
1532 2179 1544 2211 3
1601 2178 1689 2205 cum
1708 2165 1765 2204 vel
1782 2165 2009 2204 Balaenarum

445 2216 578 2255 dentes
610 2217 798 2265 qvinqve,
849 2228 1011 2265 qvorum
1038 2217 1189 2266 copiam
1213 2218 1333 2254 modo
1362 2217 1542 2257 habemus
1563 2240 1598 2266 ‚·
1631 2216 1698 2255 fint
1724 2215 1780 2253 vel
1805 2214 1924 2253 obtufi
1950 2216 2010 2251 vel

443 2266 604 2314 breves,
651 2265 710 2303 vel
727 2265 854 2312 craffi,
905 2266 962 2303 vel
981 2279 1112 2317 parum
1129 2267 1259 2304 inflexi
1282 2266 1340 2305 vel
1362 2265 1612 2315 salciformes,
1663 2266 1720 2303 vel
1741 2264 1832 2304 redii
1857 2265 1892 2303 ἃ
1912 2277 2010 2302 tere-

446 2329 529 2361 tes;
579 2328 626 2353 ne
643 2315 812 2354 dicamus
828 2315 876 2353 de
892 2315 1109 2366 Delphacum
1123 2317 1319 2364 dentibus,
1371 2321 1435 2366 qvi
1451 2319 1573 2356 rursus
1593 2316 1651 2354 vel
1669 2328 1825 2365 teretes,
1876 2315 2009 2355 breves

441 2367 485 2407 ,ὄι
501 2364 643 2417 obtusi,
693 2365 753 2405 vel
767 2367 905 2406 minuti
920 2368 956 2406 ἂ
973 2366 1195 2418 compteffi,
1254 2366 1313 2406 vel
1330 2368 1376 2407 ad
1396 2369 1507 2410 Lucii
1524 2368 1635 2420 piscis
1656 2368 1766 2407 instar
1794 2363 2010 2406 subulaefor-

1907 2429 1988 2456 mes
1997 2431 2010 2463 3
