2139 3022
479 151 855 195 FASCICULUS
903 153 1223 196 SECUNDUS*
1601 164 1653 204 29

82 253 128 294 D.
153 254 282 304 Capite
297 251 334 293 δι
356 252 469 292 cauda
494 254 668 294 rostratus

182 305 497 345 AMPHISILEN.

290 353 468 403 capedine
483 352 638 399 viscera,
665 349 858 401 obscurius
877 350 1047 400 qvidem,
1075 351 1332 392 transluceant.
1396 351 1568 392 Rostrum
1586 363 1648 391 ca-

286 405 396 453 pitis,
455 405 488 441 A
516 401 658 449 fiffum,
681 402 861 452 superiori
879 401 1045 449 maxilla,
1075 402 1114 439 in
1129 404 1232 441 exitu
1249 402 1401 453 qvidem
1417 404 1541 452 tenui,
1592 401 1648 450 (fi

289 453 387 492 nulla
417 453 457 490 in
478 450 656 504 pisciculo
678 450 820 489 ibidem
845 449 937 489 laefio
967 451 1247 501 intercefferit)
1295 452 1454 492 rostrum
1488 451 1648 503 porcelli

286 504 485 541 mentiens.
585 502 711 550 Pone,
747 501 811 540 ubi
825 501 938 538 cauda
955 500 1115 551 piscibus
1134 502 1206 541 effe
1223 502 1335 552 solet,
1382 503 1421 541 in
1439 502 1532 541 linea
1551 501 1649 540 refia

289 565 376 591 cum
393 552 511 591 rostro
526 552 678 602 capitis,
703 551 794 590 huic
810 549 925 590 fimile
942 548 1092 597 rostrum
1119 553 1132 600 (
1143 565 1190 590 ex
1203 550 1261 601 Α)
1289 577 1293 578 ⁷
1311 553 1548 603 protenditur
1566 551 1648 601 spu-

287 604 406 650 rium,
459 603 497 640 in
513 601 682 639 aculeum
698 601 906 648 aduncum,
945 600 1131 639 mediante
1151 601 1407 640 articulatione
1427 603 1477 652 B,
1506 604 1646 640 exiens.

287 654 344 694 Ex
359 667 382 688 ot
398 649 443 690 ad
458 651 480 693 Β
497 649 636 689 lamella
653 652 794 700 tenuis,
819 649 1026 701 peHucida,
1053 652 1090 690 in
1107 654 1271 701 margine
1295 651 1450 701 fiuuata,
1477 651 1648 692 extendi-

291 713 371 740 tur:
431 713 507 749 qvae
526 699 774 748 denfioribus,
823 702 988 750 argentei
1006 700 1143 739 colotis
1159 699 1503 751 dzstingiturstriis,
1554 700 1649 750 qvafi

286 749 435 801 spinulae
451 750 564 788 effent
575 780 587 799 ,
619 750 841 790 membrana:
859 750 1086 800 duplicatum
1103 752 1401 802 comprehenffi,
1438 765 1507 790 nec
1525 763 1650 790 tamen

288 802 433 840 elevatae
453 802 644 849 utrinqve‚
696 800 814 838 modo
839 801 940 847 juxta
966 811 1134 838 ventrem
1159 802 1385 852 ampliores,
1438 802 1650 852 descriptae,
1676 819 1679 821 ·

289 851 411 889 versus
428 852 545 888 aciem
563 849 712 888 lamellae
736 852 772 888 in
795 849 963 900 cuspides
987 850 1264 896 decrescentes3
1314 865 1361 890 ex
1385 853 1513 890 medio
1538 852 1649 899 hujus

286 903 378 940 aciei
395 900 450 937 vel
470 902 646 949 marginis
665 900 831 938 undulati
851 900 1062 950 dependent
1083 901 1182 939 velut
1197 915 1243 939 ex
1258 900 1396 940 balbulo
1422 915 1449 939 e.
1465 901 1557 951 setae
1576 904 1649 939 cir·
1669 910 1672 912 ·

287 952 381 989 citer
401 949 490 989 oc‘io
509 950 566 988 vel
583 951 736 1000 decem,
761 952 925 999 argentei
941 950 1102 995 coloris3
1154 951 1323 999 literaefi
1335 965 1374 1001 g.
1392 950 1424 990 h.
1452 952 1655 1002 indigitant,

287 999 454 1050 pinnulas
473 1012 683 1050 argenteas,
713 1013 788 1049 qvae
803 1003 928 1050 primo
947 1001 1083 1038 iutuitu
1098 1000 1217 1039 seruiat
1233 1002 1395 1040 discretae
1415 1001 1515 1051 visae,
1541 1014 1651 1040 accu-

290 1053 403 1090 ratius
421 1062 511 1088 vero
530 1048 763 1090 confideratae
779 1049 1003 1088 membranis
1024 1049 1087 1088 fibi
1112 1052 1274 1090 invicem
1293 1051 1445 1099 junci&
1505 1052 1550 1089 ad
1569 1050 1651 1088 lite-

291 1114 370 1140 ram
393 1102 416 1139 i.
443 1098 587 1138 lamellae
638 1100 766 1149 (add.)
814 1099 967 1138 ultimus
982 1098 1098 1148 finus,
1126 1114 1200 1139 non
1223 1103 1354 1152 pinna,
1381 1103 1444 1140 est.
1492 1102 1552 1140 Ad
1570 1113 1652 1139 me-

293 1152 392 1190 diam
408 1150 597 1201 pinnulam
624 1163 663 1199 g.
695 1151 890 1189 incurvatae
902 1149 1016 1199 spinae
1045 1149 1138 1198 dorfi
1157 1153 1391 1190 continuatio
1420 1150 1459 1191 k.
1496 1151 1651 1189 translu-

293 1214 372 1245 cet3
425 1200 585 1249 ideoqve
601 1200 657 1238 vei
679 1211 761 1238 ante
783 1199 840 1237 vel
867 1212 967 1249 pone
987 1198 1080 1237 hanc
1099 1201 1290 1250 pinnulam
1305 1214 1414 1249 anus,
1465 1203 1528 1250 qui
1544 1213 1652 1239 accu-

293 1264 371 1290 rate
388 1249 560 1299 distingui
575 1252 712 1298 neqvit.
766 1252 805 1287 In
823 1249 1022 1287 interstitiis
1040 1251 1262 1290 membranae
1280 1254 1437 1290 arcuatis
1457 1253 1493 1290 ἃ
1508 1264 1652 1289 ventra-

294 1301 390 1340 libus
409 1300 518 1337 ovula
534 1312 600 1350 per
619 1299 750 1350 puncia
776 1299 871 1338 fusca
899 1311 1139 1349 transparent.
1288 1303 1472 1348 Eiusmodi
1504 1300 1652 1350 piscium

281 1351 393 1403 firte
412 1347 534 1400 plures
555 1350 855 1399 danturspecies,
880 1348 1070 1399 hucusque
1086 1349 1143 1389 vel
1155 1349 1316 1401 negleerae
1331 1352 1389 1391 vel
1409 1365 1474 1390 non
1494 1353 1652 1402 cognitae.

396 1439 592 1488 Supersunt
611 1440 672 1479 alii
693 1439 808 1490 pisces
827 1439 1046 1490 insomnes,
1074 1441 1182 1481 nobis
1205 1444 1306 1490 noti,
1345 1443 1446 1492 qvod
1463 1442 1655 1494 itffblenter

296 1490 378 1530 sunt
396 1490 546 1537 rostrati
560 1503 575 1532 ,-
625 1490 698 1529 hos
716 1503 808 1529 vero
830 1502 1003 1539 tanqvam
1025 1494 1195 1531 natantia
1204 1493 1352 1542 speHra
1380 1495 1452 1531 suis
1476 1496 1653 1544 reliuqvi-

295 1553 380 1579 mus
403 1540 594 1578 autoribus
609 1570 621 1589 ,
672 1554 786 1591 usqve
808 1541 898 1580 dum
923 1541 1120 1591 aliqvando
1148 1553 1345 1583 excantata
1362 1544 1407 1583 ad
1422 1546 1573 1596 propria
1596 1557 1656 1585 re-

298 1591 433 1631 dierint
449 1589 677 1630 diverticula.

761 1725 793 1778 ᾗ.
858 1727 972 1766 xiv.

501 1818 908 1870 FASCICULUS
950 1819 1238 1873 TERTIUS

359 1909 743 1962 Notabiliter
802 1912 968 1978 plani
1032 1911 1081 1961 ὃ(
1149 1913 1381 1964 oculati.

88 1976 205 2066 Sunt
219 2023 338 2078 pisces
353 2023 446 2073 qvafi
465 2024 688 2076 compresfi,
713 2021 924 2074 ἰσόπλευρον,
950 2024 1013 2073 qui
1030 2023 1107 2063 fcre
1123 2025 1269 2074 aequalia
1289 2026 1425 2065 habent
1444 2027 1576 2078 latera,
1611 2028 1655 2068 fi-

296 2088 343 2114 ve
361 2075 426 2114 fint
444 2077 554 2126 proni
571 2073 640 2113 five
659 2075 776 2125 supini
791 2073 971 2124 proieci&
1020 2075 1056 2113 ἀ
1074 2078 1273 2126 peripteri3
1322 2079 1342 2114 i.
1353 2090 1382 2115 e.
1399 2079 1540 2116 circum
1559 2081 1657 2117 circa

298 2137 436 2176 corpus
450 2125 668 2175 plerumque
680 2127 808 2175 pinnas
825 2123 1016 2162 habentes.
1056 2127 1204 2164 Horum
1215 2126 1275 2164 alii
1286 2127 1341 2165 vel
1353 2130 1388 2166 in
1397 2127 1513 2166 altero
1524 2128 1656 2178 latere,

298 2175 535 2223 velutrinqve
551 2174 691 2213 oculati.
722 2173 874 2212 morum
893 2173 954 2212 alii
974 2176 1011 2212 in
1032 2177 1160 2214 dextro
1178 2176 1307 2222 latere,
1328 2179 1406 2227 seu,
1435 2192 1473 2216 ut
1492 2179 1655 2227 loqvitur

298 2225 600 2275 Willughbejus‚
626 2222 802 2272 astnistrcz
819 2226 893 2263 oris
904 2233 1034 2273 parte,
1076 2226 1136 2264 alii
1152 2230 1187 2264 in
1198 2224 1342 2275 sinistro
1367 2228 1499 2277 latere,
1550 2229 1609 2266 seu
1633 2242 1654 2268 a

300 2275 431 2315 dextra
445 2276 522 2315 oris
538 2287 642 2327 parte
657 2274 806 2315 oculati.
857 2277 915 2363 dA
932 2277 1062 2314 dextro
1078 2275 1192 2316 latere
1207 2277 1283 2316 duo
1298 2290 1431 2328 genera
1442 2310 1455 2329 ‚
1481 2292 1499 2318 a
1518 2276 1655 2366 firzistl'ro

911 2337 932 2376 3
1522 2341 1597 2368 ocu
1613 2341 1653 2368 aa
