2139 3022
481 249 554 278 100
1049 233 1131 277 ωε
1234 232 1278 281 ss
1380 197 1463 274 Ἀ

476 337 668 388 exhibito,
695 336 798 387 quod
820 333 1014 386 aliqualem
1038 333 1316 373 similitudinem
1341 331 1451 371 habet
1475 345 1593 371 cornu
1615 345 1703 370 cum
1724 331 1936 371 belemnitis
1956 331 2037 370 sue-

478 391 647 439 vicisqua
655 387 1065 438 faciettzvelexterna171
1076 384 1131 424 vel
1143 387 1335 423 internam.
1387 383 1601 422 Secundum
1618 383 1838 422 Wormium:
1863 382 2037 422 Rostrum

478 439 623 491 Xiphiae
640 439 690 478 est
708 438 870 488 osseum,
899 437 1081 486 solidum,
1107 435 1287 486 porofitm‚
1314 437 1525 483 cinereum,
1549 433 1728 483 paulatim
1748 435 1784 471 in
1804 443 1946 472 acutum
1965 442 2037 471 ter-

477 492 661 529 minatum
688 510 758 518 —
788 503 835 528 ex
860 487 995 527 duabus
1017 486 1113 537 quafi
1138 486 1284 525 laminis
1308 485 1414 524 osseis
1440 498 1481 523 ac
1505 485 1605 524 duris
1630 486 1854 533 conflatum,
1883 496 2038 533 quarum

478 541 648 580 medium
676 542 751 579 NB.
777 540 937 589 porofimz
963 551 1005 577 ac
1027 537 1176 588 ffiongso
1196 551 1252 575 unt
1281 536 1371 586 quid
1396 544 1556 587 occupat
1582 557 1651 564 --
1676 549 1686 580 3
1726 535 1763 573 ἃ
1790 534 2036 573 nihilominus

478 601 603 630 tamen
627 593 794 642 optimus
821 600 929 629 autor
958 591 1081 628 minus
1104 586 1328 627 considerate
1354 587 1479 625 addit:
1515 588 1600 625 adeo
1628 587 1778 635 durmn,
1806 595 1847 624 ut
1870 598 1906 623 eo
1929 597 2038 623 naves

475 642 669 692 perfbrari
683 638 821 689 constet.
872 644 1041 678 Tantum
1059 652 1148 678 vero
1165 638 1281 687 abest,
1310 647 1350 676 ut
1366 638 1551 686 ejusmodi
1567 637 1740 688 proceffits
1757 637 1912 688 piscium
1932 637 2037 674 carti-

478 693 710 742 lagineorum
733 691 835 744 offivs
857 691 893 730 ἃ
919 692 1026 729 duros
1054 692 1091 728 in
1118 688 1288 729 eburneos
1310 697 1469 737 vertere,
1496 687 1554 726 vel
1576 701 1664 726 cum
1689 686 1854 727 dentibus
1878 686 2037 725 aliorum

479 743 714 792 animalium,
743 742 882 781 nedum
901 755 988 780 cum
1005 740 1194 780 cornubus
1211 738 1282 778 five
1299 738 1506 790 Elephanti,
1534 737 1605 777 five
1628 741 1810 788 Rosmari>
1837 736 1908 776 five
1931 736 2036 775 Babi-

478 792 603 833 rouffae
621 806 833 845 comparare
850 792 944 831 mihi
961 794 999 831 in
1018 802 1183 830 mentem
1202 792 1368 836 venerit3
1403 803 1491 828 cum
1515 788 1746 828 substantiam
1770 791 1945 827 omnium
1970 789 2036 825 Xi-

477 845 651 895 phiarum
674 843 772 883 facili
799 856 910 895 opera
935 843 1215 893 distinguimus,
1252 854 1457 890 eorumque
1482 857 1644 890 πεςιεςεον
1668 841 1705 880 ἃ
1729 850 1874 889 cutem,
1892 838 2036 889 ,quibus

479 895 720 935 obducuntur
736 892 871 944 rostra,
899 893 1020 933 oculis
1036 891 1278 942 manibusque
1296 891 1444 931 traciare
1460 891 1557 929 licet.

563 972 611 1012 (h)
654 973 710 1002 Ubi
726 971 805 1011 Miffia
821 975 864 1001 IV.
881 975 906 1011 §.
921 982 950 1013 9.
969 970 1002 999 de
1019 971 1119 1010 Xiphia
1136 968 1353 998 Schelhammeri
1366 968 1445 998 verba
1462 978 1521 997 mea
1536 967 1569 996 fic
1587 969 1683 998 sonant
1698 979 1704 1001 ι
1736 975 1820 1011 Cujus
1828 966 1958 1009 gladium
1972 966 2037 995 den-

643 1031 700 1050 tem
716 1019 821 1051 dixeris
831 1019 864 1059 pi
875 1018 912 1048 cis
928 1021 1082 1052 Narrvlml,
1108 1030 1166 1048 non
1181 1019 1276 1048 inferre
1293 1019 1369 1051 licet,
1387 1029 1430 1047 me
1443 1015 1576 1056 ,lichiam
1593 1020 1697 1047 auroris
1713 1029 1764 1057 pro
1782 1020 1933 1047 Nm—zrlmle
1950 1027 2038 1058 agno-

644 1070 729 1103 viffc;
760 1071 846 1099 sermo
867 1069 905 1098 ibi
927 1071 962 1099 est
988 1067 1022 1097 de
1045 1068 1140 1109 gladio
1162 1067 1288 1102 autoris,
1312 1076 1408 1106 praeter
1429 1067 1508 1107 ipsius
1531 1068 1658 1106 culpam,
1681 1077 1820 1106 perperam
1842 1069 1934 1106 ρίςῖο,
1958 1066 2035 1107 quod

644 1127 736 1149 textus
751 1120 924 1159 comprobat.
974 1120 1017 1149 Me
1031 1116 1138 1155 judice,
1162 1119 1262 1150 rostra,
1284 1128 1344 1157 quae
1359 1118 1477 1157 figuram
1491 1116 1649 1157 glaliorum
1672 1115 1720 1153 (de
1742 1117 1841 1156 quibus
1860 1117 1954 1156 supra)
1979 1127 2037 1147 non

644 1168 747 1198 habent
767 1169 944 1201 alterutram,
968 1168 1009 1197 vel
1026 1178 1084 1196 non
1101 1166 1160 1196 sunt
1177 1167 1260 1196 rostra
1278 1167 1439 1205 Xiphiarum
1452 1185 1460 1198 ,
1481 1166 1524 1195 vel
1537 1166 1596 1195 sunt
1613 1166 1683 1195 male
1697 1166 1779 1206 piC‘ta.

691 1234 846 1276 Collatis
864 1234 983 1274 modo
1001 1236 1096 1273 inter
1110 1234 1145 1273 se
1162 1233 1278 1272 tribus
1293 1232 1411 1272 beluis
1428 1234 1597 1282 marinis,
1624 1232 1828 1272 luculenter
1844 1229 2038 1282 explicasse

481 1286 657 1336 confido,
683 1286 1038 1326 NARWHALEM
1060 1284 1120 1323 sua
1137 1294 1260 1323 natura
1276 1283 1519 1323 Perfofforem
1533 1283 1623 1333 effe,
1651 1285 1688 1323 ᾶι
1703 1297 1791 1323 cum
1807 1282 1980 1321 violentia
1997 1283 2036 1319 in

480 1350 727 1388 quaecunque,
747 1336 805 1376 vel
824 1349 962 1386 magnae
979 1335 1111 1385 molis,
1125 1348 1281 1386 corpora
1295 1348 1396 1373 ruere
1412 1334 1456 1373 ad
1471 1334 1791 1379 confodiendum3
1818 1334 2035 1372 PRISTEM

480 1401 574 1427 vero
596 1388 633 1427 &
655 1388 872 1427 XIPHIAM
893 1386 1147 1437 gladiatoriam
1170 1385 1333 1424 didicisse
1357 1396 1492 1434 artem,
1515 1385 1704 1436 ftindere‚
1733 1387 1883 1431 meiere,
1911 1383 2037 1431 secare

481 1439 700 1487 consuetos,
725 1436 915 1487 caesimque
932 1449 1109 1489 corpora,
1129 1450 1206 1486 quae
1221 1436 1506 1488 persequuntur,
1527 1446 1661 1488 petere.
1717 1434 1830 1477 Conf.
1847 1433 1959 1486 Mtffit
1975 1436 2035 1472 IV.

482 1503 518 1542 p.
539 1502 594 1540 19.
615 1488 783 1528 duellum
800 1488 961 1527 duorum
980 1487 1213 1538 Xiphiarum.

691 1539 764 1579 Sed
778 1552 867 1577 cum
883 1537 1115 1577 doc'kiffimus
1130 1541 1203 1576 Dn.
1220 1541 1267 1575 D.
1283 1536 1464 1576 Baeckius
1478 1538 1614 1577 diversa
1622 1537 1739 1588 simlia
1755 1536 1912 1588 piscium
1928 1535 2035 1583 vidit,

481 1604 548 1631 non
565 1591 719 1640 quidem
732 1590 864 1640 pisia,
885 1602 956 1640 ego
973 1601 1062 1627 vero
1078 1601 1146 1627 nec
1153 1587 1272 1638 spolia
1289 1602 1357 1627 nec
1371 1589 1482 1638 pisces
1500 1590 1599 1638 ipsos
1614 1589 1706 1638 vidi,
1729 1589 1871 1626 idcirco
1884 1586 1929 1624 ad
1946 1587 2034 1623 Dni.

481 1643 624 1682 autoris
641 1641 905 1692 descriptiones
923 1641 977 1689 (i)
995 1648 1152 1678 attentus
1169 1642 1278 1687 IPSE,
1294 1639 1600 1690 perspicacissime
1616 1638 1953 1683 COLLINSONE,
1977 1637 2033 1683 ju-

481 1694 596 1743 dices,
618 1694 719 1740 cujus
736 1705 783 1730 ex
797 1690 913 1729 tribus
929 1690 1048 1729 beluis
1063 1688 1237 1741 expofitis
1256 1689 1366 1729 fuerit
1387 1691 1519 1738 Cornu,
1547 1690 1649 1739 quod
1665 1692 1704 1728 in
1720 1689 1838 1728 TUO
1854 1687 2034 1726 MUSEO

480 1743 656 1792 servatur,
685 1755 851 1792 quocum
871 1742 979 1793 piscis
999 1740 1260 1792 perforaverat
1273 1742 1419 1793 afferem
1435 1743 1540 1780 navis
1555 1742 1729 1780 extimum
1745 1750 1852 1789 atque
1873 1735 2034 1778 tabulam

482 1805 561 1834 tres
574 1792 714 1846 pollices
729 1792 888 1843 craffam.
1411 1819 1417 1822 ,

565 1873 615 1913 (ἱ)
658 1877 687 1900 Ρ.
704 1882 764 1901 201:
788 1873 885 1899 Cornu
908 1871 1025 1899 exterior
1041 1869 1119 1899 Facies
1138 1870 1234 1898 colore
1255 1869 1315 1899 alba
1330 1887 1383 1894 —
1399 1872 1473 1900 intus
1493 1868 1713 1899 candidiffimum
1728 1869 1874 1898 aemulatur
1889 1866 1973 1899 ebur,
1992 1866 2034 1895 Γο-

643 1919 731 1950 lidum
749 1921 776 1949 8<
794 1918 984 1952 durissimum,
1007 1926 1038 1948 ut
1060 1918 1224 1949 concludere
1245 1919 1338 1952 liceat,
1361 1919 1462 1959 piscem
1488 1919 1562 1948 fuisse
1585 1929 1692 1959 magnae
1714 1918 1810 1950 molis
1830 1931 1883 1939 —-
1903 1926 1986 1955 porro
2002 1923 2031 1952 p.

644 1980 718 2006 204.-
747 1968 919 1998 durissimum
943 1979 975 1997 ος
993 1968 1217 1997 circumferentiae
1237 1969 1336 2003 ovans,
1368 1970 1496 1997 acumine
1522 1969 1616 2001 tereti,
1643 1966 1772 1996 lareribus
1792 1965 1869 1995 nullo
1893 1965 1981 1994 modo
2004 1966 2033 1994 in

643 2019 731 2048 aciem
746 2016 918 2056 compressis,
942 2014 1114 2055 perfodendo
1128 2015 1314 2055 aptiffimum,
1338 2027 1396 2046 non
1414 2015 1527 2045 secando
1544 2033 1598 2041 --
1620 2026 1649 2056 p.
1668 2018 1733 2046 205:
1758 2018 1853 2044 Cornu
1869 2014 1955 2053 ipsum
1971 2012 2033 2042 sub-

642 2067 745 2096 ssantiae
767 2066 846 2095 ofseae
866 2064 1056 2097 duriffimum,
1083 2064 1220 2097 candidae,
1243 2075 1304 2104 quae
1328 2066 1396 2095 ebur
1416 2065 1560 2094 :emulatur
1577 2082 1631 2089 —
1654 2065 1682 2094 δι
1700 2073 1729 2103 p.
1750 2074 1815 2101 214.-
1839 2064 1916 2092 nullo
1940 2062 2029 2092 modo

641 2115 775 2148 flexibile,
797 2118 937 2145 mucronis
960 2116 1119 2147 acuminati,
1169 2115 1246 2144 Talia
1266 2115 1398 2145 attributa
1421 2115 1474 2146 five
1493 2115 1694 2154 phoenomena,
1716 2125 1762 2144 me
1781 2115 1886 2148 hercle,
1908 2125 1965 2144 non
1988 2124 2032 2145 ca-

640 2162 710 2193 dunt
727 2165 768 2195 vel
782 2165 809 2193 in
825 2164 911 2193 Pristis
928 2165 970 2193 vel
985 2166 1011 2193 in
1029 2165 1135 2204 Xiphiae
1151 2165 1244 2193 rollra.

682 2230 747 2269 Ad
763 2231 932 2282 patranda
947 2230 1028 2269 talia
1043 2229 1206 2270 facinora
1225 2232 1352 2280 utique
1368 2243 1446 2268 non
1465 2229 1586 2270 solum
1601 2229 1703 2270 valor
1715 2244 1898 2270 armorum
1913 2232 1974 2271 sed
1990 2232 2027 2273 ὅ(

460 2282 652 2332 fortitudo
666 2281 783 2320 adesse
796 2281 935 2327 solem
961 2282 1008 2320 de
1022 2281 1223 2321 levioribus
1238 2280 1382 2320 demis
1396 2283 1583 2320 minorem
1598 2281 1822 2334 suspicamur
1835 2284 2028 2329 virtutem3

471 2332 610 2382 alioqui
632 2333 751 2380 majus
765 2332 935 2371 &minus
954 2344 1084 2383 parum
1110 2332 1155 2371 ad
1178 2345 1256 2370 rem
1279 2330 1429 2370 faciunt.
1490 2334 1650 2371 Minima
1666 2335 1786 2383 vipera
1802 2345 1918 2382 usque
1933 2334 2027 2374 adeo

469 2383 597 2423 morsu
611 2383 679 2423 suo
695 2382 791 2423 mihi
808 2385 1038 2435 imprimeret
1054 2393 1215 2423 mortem
1225 2414 1237 2433 ,
1254 2395 1295 2422 ac
1311 2385 1486 2422 omnium
1503 2385 1664 2423 maxima
1680 2386 1801 2434 vipera
1817 2383 2024 2425 eaudisona.

1905 2463 2025 2512 Urget
