2139 3022
399 226 776 270 OCCULTAS
804 225 1277 271 SPIRANTIBUs:
1585 235 1632 274 29

163 344 200 384 4.
252 332 421 374 Muraena
435 331 634 380 maculata,
661 333 765 381 nigra
786 331 823 370 δι
839 330 969 370 viridis
988 346 1000 376 ;
1051 330 1192 369 tubulis
1219 331 1256 367 in
1277 328 1459 378 superiori
1482 326 1629 367 mandi-

362 382 447 421 bula
466 393 632 419 extrema
648 381 781 431 longis.
832 381 923 421 The
939 394 1068 432 muray
1085 378 1268 426 Catesbqji
1281 379 1331 417 ΙΙ.
1345 389 1380 429 p.
1396 391 1459 424 203
1511 378 1629 418 cauda

364 443 529 471 extrema
552 431 769 481 compreffa.

165 542 200 583 5.
249 520 605 571 Muraenamaculata
624 530 727 578 nigra
742 527 851 579 super
882 529 1047 568 cinereo.
1124 527 1214 565 The
1239 523 1323 565 blak
1342 526 1499 576 Muray3
1549 526 1631 566 An.

363 578 539 630 guillede
563 591 664 629 mer,
690 580 799 618 noire
816 579 1010 630 tachetee,
1034 575 1217 624 Cateshqji
1231 578 1280 615 ΙΙ.
1298 585 1334 627 p.
1350 588 1401 614 21.

762 695 794 747 ς.
820 697 934 735 xm.

164 773 362 820 Lampetrae
377 781 520 808 nomen
539 769 637 820 apud
654 772 846 809 neminem
863 769 1074 821 priscorum
1090 767 1267 820 reperiri,
1303 778 1436 805 verum
1450 764 1630 815 eqvidem

64 820 140 865 est3
191 821 394 870 Lampredae
409 831 533 859 tamen
552 832 691 858 nomen
708 820 894 871 plerisqve
917 822 1074 871 Europae
1090 818 1226 868 lingvis
1244 816 1426 856 ufitatum.
1497 813 1628 854 Ambo

62 872 217 910 nomina
237 871 399 909 Artedus
414 869 515 908 malae
531 881 627 908 notae
643 870 736 921 effe,
762 871 1055 921 pronunciavit3
1106 868 1196 907 ideo
1220 879 1364 906 novum
1389 866 1628 916 composuit,

66 923 323 970 Petromyzmz,
350 921 471 970 qvod,
500 921 536 958 vi
556 921 661 958 vocis
678 950 690 969 ‚
743 919 882 971 lapides
910 921 1042 971 sugens
1066 917 1266 969 fignificat,
1293 930 1381 956 cum
1400 917 1578 966 lampctra
1607 925 1629 952 a

65 970 266 1010 lambendo
276 981 397 1021 petras
412 970 599 1008 derivatur
615 970 667 1020 (ᾗ.
684 971 744 1008 IV.
760 971 815 1008 lit.
833 970 899 1019 (b)
919 973 934 1014 )
986 973 1078 1008 Sunt
1088 980 1213 1008 autem
1222 967 1404 1017 lampetrae
1413 967 1530 1018 pisces
1542 963 1629 1003 sub-

62 1032 220 1072 tereoes,
247 1019 434 1060 branchiis
452 1019 631 1069 occultis,
658 1019 791 1068 qvibus
811 1019 986 1072 spiracula
1008 1019 1149 1069 septem
1176 1020 1225 1057 ad
1248 1017 1391 1066 latera,
1425 1017 1549 1067 pinnis
1565 1026 1628 1053 ca-

66 1073 205 1120 rentia,
230 1069 332 1110 fimul
353 1069 509 1108 ventrali
528 1071 639 1120 pinna
660 1070 886 1117 deficiente;
937 1082 1005 1108 ore
1022 1071 1061 1108 in
1080 1080 1184 1120 parte
1200 1080 1318 1120 prona
1336 1067 1535 1117 ellyptico;
1587 1066 1628 1102 in

66 1122 195 1160 medio
212 1123 331 1172 capite
350 1118 620 1159 foraminulum
639 1119 855 1159 tubulosum
869 1151 881 1170 ‚
929 1119 976 1158 ad
990 1132 1121 1169 aqvam
1135 1149 1146 1168 ,
1196 1120 1288 1158 dum
1303 1129 1371 1156 ore
1390 1117 1505 1168 petris
1527 1114 1628 1153 aliis-

94 1184 138 1210 ve
165 1169 389 1221 corporibus
409 1200 419 1219 ‚
470 1171 551 1208 imo
569 1169 729 1221 piscibus
753 1184 800 1209 ex
820 1169 960 1209 familia
977 1171 1038 1209 iua
1056 1168 1187 1208 exafie
1201 1169 1382 1216 adhaeret,
1436 1167 1628 1216 excipien-

66 1184 174 1272 gam,
201 1232 311 1270 qvam
327 1232 393 1270 per
408 1219 583 1270 spiracula
606 1218 867 1259 branchiarum
882 1223 1019 1259 iterum
1041 1221 1197 1258 emittat.
1250 1218 1360 1256 Piscis
1371 1215 1547 1255 omnibus
1558 1226 1629 1252 no-

65 1282 127 1310 tus
140 1302 152 1320 ‚
179 1270 458 1320 vulgatissimus.
509 1272 662 1308 Nomen
680 1269 724 1309 ab
742 1273 879 1309 Artedo
897 1269 961 1321 ipfi
978 1267 1376 1321 impolitumlubenter
1392 1267 1628 1317 adoptamus,

69 1321 170 1370 qvod
189 1320 349 1358 eundem
369 1318 612 1369 significatum
632 1320 743 1358 habet
761 1334 847 1359 cum
866 1320 1056 1371 lampetra.
1116 1322 1232 1358 Nares
1251 1320 1544 1368 Petromyzonem
1560 1314 1628 1352 ha-

69 1370 158 1410 bere
176 1381 283 1420 negat
303 1368 534 1408 doeiiffim'us
550 1371 711 1408 Artedus
733 1372 775 1410 P.
791 1373 840 1410 II.
855 1381 890 1420 p.
910 1383 958 1408 10.
977 1371 1026 1409 ast
1044 1370 1122 1408 duo
1148 1371 1321 1418 utrinqve
1346 1369 1490 1406 narium
1508 1365 1626 1413 fora-

67 1421 181 1459 minia
197 1419 423 1458 subtiliffima
442 1418 555 1458 habet
576 1418 665 1458 Tab.
681 1421 709 1458 I.
718 1420 809 1471 fij.
826 1435 863 1468 γ.
882 1433 959 1469 qvae
975 1423 1012 1458 in
1033 1420 1192 1470 separata
1210 1430 1319 1467 cute,
1352 1418 1485 1456 lumini
1503 1427 1626 1466 oppo-

67 1470 151 1520 fita,
179 1469 346 1508 distinete
363 1480 549 1520 apparent.
603 1471 744 1508 Nervos
760 1470 965 1519 olfizrf'fforios
982 1470 1161 1508 delineari
1178 1471 1391 1507 curavimus
1417 1465 1628 1514 Tab.I.fi†

66 1521 125 1569 (ἥ)
175 1521 321 1557 Exeunt
354 1521 458 1570 supra
476 1518 610 1558 oculos
627 1533 675 1560 ex
691 1521 848 1559 cerebro
871 1522 907 1559 ἀ
933 1522 1180 1559 terminantur
1205 1519 1328 1558 versus
1346 1520 1490 1566 apicem
1521 1517 1630 1554 rostri

66 1571 106 1608 in
124 1580 202 1607 rete
222 1569 409 1618 qvoddam
427 1569 614 1608 ramosum
628 1601 640 1619 ,
690 1570 738 1610 ad
753 1569 1034 1611 limilitudinem
1057 1582 1263 1610 nervorum
1281 1567 1570 1609 olfacioriorum
1590 1567 1630 1605 in

67 1618 246 1661 Phocaena
266 1620 400 1671 (Mtffit
425 1620 473 1658 ΙΙ.
485 1628 519 1668 p.
541 1621 621 1670 28.)

192 1712 236 1749 (Ὁ
277 1711 295 1742 f.
309 1711 339 1752 †.
361 1721 403 1741 aa.
424 1712 506 1741 Nervi
522 1711 657 1742 olfadlorii
672 1710 746 1745 duo,
769 1712 894 1752 utrinqve
910 1713 1049 1743 tantillum
1065 1711 1202 1743 crassiores
1212 1709 1294 1751 piffi,
1316 1716 1347 1740 ut
1355 1708 1480 1751 dignosci
1498 1712 1609 1749 qveant·

1633 1401 1730 1434 Tarba,

1635 1447 1651 1476 f.
1659 1456 1727 1492 3³7.

1644 1514 1668 1521 -.
1680 1498 1697 1528 f,
1706 1497 1727 1536 τ

374 1779 402 1809 b.
423 1777 551 1808 Tubulus
565 1779 607 1809 vel
627 1778 726 1808 ductus
735 1779 924 1821 bydragogus.

373 1856 400 1878 c.
422 1847 552 1876 cranium
560 1846 798 1888 cartilaginosum,
820 1847 890 1887 qvafi
899 1847 994 1887 clypeo
1002 1847 1182 1888 cartilagineo
1192 1864 1200 1879 ‚
1224 1843 1258 1875 ad
1266 1850 1371 1885 partem
1381 1843 1477 1874 mobili
1486 1864 1495 1875 .
1516 1841 1633 1872 testum.

748 1939 777 1990 ς.
805 1940 945 1978 xxm.

293 2010 435 2077 AD
491 2012 892 2077 LATERA
941 1998 1459 2080 APENNIAJ

445 2098 500 2138 11.
541 2099 930 2140 SPIRACULIS
963 2099 1126 2140 SEPT
1143 2098 1247 2139 EM.

65 2191 417 2232 PETROMYZON
433 2206 445 2237 3
496 2193 607 2246 piscis
624 2191 938 2244 anguillaeformis.

167 2279 200 2307 ι.
251 2267 489 2316 Petromyzon
498 2299 510 2318 ‚
537 2269 651 2307 unico
660 2267 795 2306 ordine
807 2267 1086 2307 denticulorum
1096 2268 1343 2306 minimorum
1355 2266 1394 2304 in
1402 2261 1522 2302 limbo
1532 2261 1625 2318 orig

361 2329 493 2368 praeter
518 2316 715 2357 inferiores
740 2319 922 2366 majores,
949 2319 1106 2360 Artedi,·
1159 2317 1301 2357 duabus
1339 2316 1435 2354 innis
1445 2322 1626 2358 cutaneis,

361 2367 398 2407 Gt
414 2368 567 2419 sitiatis,
604 2367 880 2468 dorsalibusd»
893 2367 1004 2407 altera
1020 2368 1102 2420 post
1117 2368 1288 2408 medium
1327 2364 1400 2407 orfi
1414 2363 1518 2404 brevi
1533 2359 1625 2450 ‚tgrlg
