<?xml version="1.0" encoding="UTF-8"?>
<!DOCTYPE html PUBLIC "-//W3C//DTD XHTML 1.0 Transitional//EN"
    "http://www.w3.org/TR/xhtml1/DTD/xhtml1-transitional.dtd">
<html xmlns="http://www.w3.org/1999/xhtml" xml:lang="en" lang="en">
 <head>
  <title>
</title>
<meta http-equiv="Content-Type" content="text/html;charset=utf-8" />
  <meta name='ocr-system' content='tesseract 3.04.00' />
  <meta name='ocr-capabilities' content='ocr_page ocr_carea ocr_par ocr_line ocrx_word'/>
</head>
<body>
  <div class='ocr_page' id='page_1' title='image "./iacobitheodorikl00klei_0028.png"; bbox 0 0 2139 3022; ppageno 0'>
   <div class='ocr_carea' id='block_1_1' title="bbox 384 211 1364 260">
    <p class='ocr_par' dir='ltr' id='par_1_1' title="bbox 384 211 1364 260">
     <span class='ocr_line' id='line_1_1' title="bbox 384 211 1364 260; baseline -0.011 0"><span class='ocrx_word' id='word_1_1' title='bbox 384 230 435 260; x_wconf 81' lang='lat'>20</span> <span class='ocrx_word' id='word_1_2' title='bbox 957 214 1034 255; x_wconf 90' lang='lat' dir='ltr'>DE</span> <span class='ocrx_word' id='word_1_3' title='bbox 1085 211 1364 254; x_wconf 87' lang='lat' dir='ltr'>LAPILLIS</span> 
     </span>
    </p>
   </div>
   <div class='ocr_carea' id='block_1_2' title="bbox 1067 312 1286 364">
    <p class='ocr_par' dir='ltr' id='par_1_2' title="bbox 1067 312 1286 364">
     <span class='ocr_line' id='line_1_2' title="bbox 1067 312 1286 364; baseline 0.005 -14"><span class='ocrx_word' id='word_1_4' title='bbox 1067 312 1098 364; x_wconf 52' lang='grc' dir='ltr'>ᾗ.</span> <span class='ocrx_word' id='word_1_5' title='bbox 1148 313 1286 351; x_wconf 75' lang='lat' dir='ltr'><strong>xxlx.</strong></span> 
     </span>
    </p>
   </div>
   <div class='ocr_carea' id='block_1_3' title="bbox 388 366 1954 825">
    <p class='ocr_par' dir='ltr' id='par_1_3' title="bbox 388 366 1954 825">
     <span class='ocr_line' id='line_1_3' title="bbox 485 366 1949 425; baseline -0.007 -10"><span class='ocrx_word' id='word_1_6' title='bbox 485 375 618 425; x_wconf 82' lang='lat' dir='ltr'>Forte,</span> <span class='ocrx_word' id='word_1_7' title='bbox 637 372 660 414; x_wconf 91' lang='lat' dir='ltr'>fi</span> <span class='ocrx_word' id='word_1_8' title='bbox 677 373 811 414; x_wconf 91' lang='lat' dir='ltr'>DEUS</span> <span class='ocrx_word' id='word_1_9' title='bbox 827 374 926 412; x_wconf 85' lang='lat' dir='ltr'>vires</span> <span class='ocrx_word' id='word_1_10' title='bbox 947 371 1258 424; x_wconf 84' lang='lat' dir='ltr'>suppeditaverit,</span> <span class='ocrx_word' id='word_1_11' title='bbox 1282 369 1536 421; x_wconf 87' lang='lat' dir='ltr'>supplementa</span> <span class='ocrx_word' id='word_1_12' title='bbox 1559 367 1773 419; x_wconf 81' lang='lat' dir='ltr'>lapillorum</span> <span class='ocrx_word' id='word_1_13' title='bbox 1791 367 1828 407; x_wconf 68' lang='grc' dir='ltr'>ἃ</span> <span class='ocrx_word' id='word_1_14' title='bbox 1849 366 1949 418; x_wconf 85' lang='lat' dir='ltr'>phae-</span> 
     </span>
     <span class='ocr_line' id='line_1_4' title="bbox 388 417 1948 475; baseline -0.007 -9"><span class='ocrx_word' id='word_1_15' title='bbox 388 439 550 467; x_wconf 84' lang='lat' dir='ltr'>nomena</span> <span class='ocrx_word' id='word_1_16' title='bbox 569 426 608 463; x_wconf 90' lang='lat' dir='ltr'>in</span> <span class='ocrx_word' id='word_1_17' title='bbox 624 424 704 464; x_wconf 88' lang='lat' dir='ltr'>aliis</span> <span class='ocrx_word' id='word_1_18' title='bbox 723 423 885 475; x_wconf 82' lang='lat' dir='ltr'>piscibus</span> <span class='ocrx_word' id='word_1_19' title='bbox 903 423 1034 471; x_wconf 77' lang='lat' dir='ltr'>obvia,</span> <span class='ocrx_word' id='word_1_20' title='bbox 1058 423 1135 473; x_wconf 87' lang='lat' dir='ltr'>pari</span> <span class='ocrx_word' id='word_1_21' title='bbox 1154 421 1340 460; x_wconf 79' lang='lat' dir='ltr'>alacritate</span> <span class='ocrx_word' id='word_1_22' title='bbox 1358 433 1445 458; x_wconf 89' lang='lat' dir='ltr'>cum</span> <span class='ocrx_word' id='word_1_23' title='bbox 1462 420 1607 458; x_wconf 81' lang='lat' dir='ltr'>curiose·</span> <span class='ocrx_word' id='word_1_24' title='bbox 1625 417 1747 457; x_wconf 73' lang='lat' dir='ltr'>doffls</span> <span class='ocrx_word' id='word_1_25' title='bbox 1772 429 1948 456; x_wconf 88' lang='lat' dir='ltr'>commu-</span> 
     </span>
     <span class='ocr_line' id='line_1_5' title="bbox 389 467 1948 525; baseline -0.008 -8"><span class='ocrx_word' id='word_1_26' title='bbox 389 478 621 519; x_wconf 79' lang='lat' dir='ltr'>nicabimus3</span> <span class='ocrx_word' id='word_1_27' title='bbox 635 477 785 515; x_wconf 87' lang='lat' dir='ltr'>Etenim</span> <span class='ocrx_word' id='word_1_28' title='bbox 801 475 881 525; x_wconf 81' lang='lat' dir='ltr'>post</span> <span class='ocrx_word' id='word_1_29' title='bbox 899 472 1103 512; x_wconf 76' lang='lat' dir='ltr'>absolutam</span> <span class='ocrx_word' id='word_1_30' title='bbox 1123 471 1310 510; x_wconf 77' lang='lat' dir='ltr'>Tabulam</span> <span class='ocrx_word' id='word_1_31' title='bbox 1328 473 1368 508; x_wconf 85' lang='lat' dir='ltr'>Il.</span> <span class='ocrx_word' id='word_1_32' title='bbox 1386 483 1433 508; x_wconf 79' lang='lat' dir='ltr'>ex</span> <span class='ocrx_word' id='word_1_33' title='bbox 1455 469 1625 521; x_wconf 79' lang='lat' dir='ltr'>plurimis</span> <span class='ocrx_word' id='word_1_34' title='bbox 1644 467 1806 521; x_wconf 77' lang='lat' dir='ltr'>piscibus</span> <span class='ocrx_word' id='word_1_35' title='bbox 1819 499 1829 516; x_wconf 76' lang='lat'>‚</span> <span class='ocrx_word' id='word_1_36' title='bbox 1854 479 1948 516; x_wconf 89' lang='lat' dir='ltr'>qvo-</span> 
     </span>
     <span class='ocr_line' id='line_1_6' title="bbox 388 516 1949 572; baseline -0.009 -5"><span class='ocrx_word' id='word_1_37' title='bbox 388 542 473 567; x_wconf 88' lang='lat' dir='ltr'>rum</span> <span class='ocrx_word' id='word_1_38' title='bbox 494 539 572 565; x_wconf 91' lang='lat' dir='ltr'>non</span> <span class='ocrx_word' id='word_1_39' title='bbox 588 525 653 564; x_wconf 90' lang='lat' dir='ltr'>nifi</span> <span class='ocrx_word' id='word_1_40' title='bbox 673 527 826 564; x_wconf 88' lang='lat' dir='ltr'>unicum</span> <span class='ocrx_word' id='word_1_41' title='bbox 844 524 902 562; x_wconf 85' lang='lat' dir='ltr'>vel</span> <span class='ocrx_word' id='word_1_42' title='bbox 920 523 998 562; x_wconf 75' lang='lat' dir='ltr'>&lt;luo</span> <span class='ocrx_word' id='word_1_43' title='bbox 1014 525 1112 572; x_wconf 82' lang='lat' dir='ltr'>paria</span> <span class='ocrx_word' id='word_1_44' title='bbox 1130 521 1342 572; x_wconf 78' lang='lat' dir='ltr'>lapillorum</span> <span class='ocrx_word' id='word_1_45' title='bbox 1364 521 1483 559; x_wconf 85' lang='lat' dir='ltr'>modo</span> <span class='ocrx_word' id='word_1_46' title='bbox 1502 521 1752 568; x_wconf 81' lang='lat' dir='ltr'>exhibentur,</span> <span class='ocrx_word' id='word_1_47' title='bbox 1785 517 1842 556; x_wconf 93' lang='lat' dir='ltr'>vel</span> <span class='ocrx_word' id='word_1_48' title='bbox 1862 516 1949 555; x_wconf 91' lang='lat' dir='ltr'>reli-</span> 
     </span>
     <span class='ocr_line' id='line_1_7' title="bbox 389 569 1949 628; baseline -0.008 -12"><span class='ocrx_word' id='word_1_49' title='bbox 389 592 460 628; x_wconf 82' lang='lat' dir='ltr'>qva</span> <span class='ocrx_word' id='word_1_50' title='bbox 478 577 627 625; x_wconf 86' lang='lat' dir='ltr'>omnia,</span> <span class='ocrx_word' id='word_1_51' title='bbox 653 574 712 613; x_wconf 89' lang='lat' dir='ltr'>vel</span> <span class='ocrx_word' id='word_1_52' title='bbox 729 576 884 614; x_wconf 88' lang='lat' dir='ltr'>tertium</span> <span class='ocrx_word' id='word_1_53' title='bbox 916 574 1064 623; x_wconf 86' lang='lat' dir='ltr'>insuper</span> <span class='ocrx_word' id='word_1_54' title='bbox 1096 572 1342 611; x_wconf 81' lang='lat' dir='ltr'>desideratum</span> <span class='ocrx_word' id='word_1_55' title='bbox 1365 570 1577 622; x_wconf 85' lang='lat' dir='ltr'>lapillorum</span> <span class='ocrx_word' id='word_1_56' title='bbox 1604 583 1670 622; x_wconf 82' lang='lat' dir='ltr'>par</span> <span class='ocrx_word' id='word_1_57' title='bbox 1703 569 1949 607; x_wconf 86' lang='lat' dir='ltr'>obtinuimus.</span> 
     </span>
     <span class='ocr_line' id='line_1_8' title="bbox 389 617 1951 680; baseline -0.008 -13"><span class='ocrx_word' id='word_1_58' title='bbox 389 627 555 680; x_wconf 87' lang='lat' dir='ltr'>Lapillos</span> <span class='ocrx_word' id='word_1_59' title='bbox 575 627 674 677; x_wconf 77' lang='lat' dir='ltr'>ipsos</span> <span class='ocrx_word' id='word_1_60' title='bbox 691 628 729 663; x_wconf 89' lang='lat' dir='ltr'>in</span> <span class='ocrx_word' id='word_1_61' title='bbox 748 622 900 676; x_wconf 82' lang='lat' dir='ltr'>Capsula</span> <span class='ocrx_word' id='word_1_62' title='bbox 918 624 1089 673; x_wconf 82' lang='lat' dir='ltr'>qvadrata</span> <span class='ocrx_word' id='word_1_63' title='bbox 1109 636 1156 661; x_wconf 86' lang='lat' dir='ltr'>ex</span> <span class='ocrx_word' id='word_1_64' title='bbox 1173 621 1407 661; x_wconf 85' lang='lat' dir='ltr'>Orichalceis</span> <span class='ocrx_word' id='word_1_65' title='bbox 1425 620 1572 660; x_wconf 85' lang='lat' dir='ltr'>laminis</span> <span class='ocrx_word' id='word_1_66' title='bbox 1592 619 1707 668; x_wconf 66' lang='lat' dir='ltr'>faesia,</span> <span class='ocrx_word' id='word_1_67' title='bbox 1738 619 1773 657; x_wconf 72' lang='grc' dir='ltr'>ἃ</span> <span class='ocrx_word' id='word_1_68' title='bbox 1791 630 1874 657; x_wconf 85' lang='lat' dir='ltr'>cera</span> <span class='ocrx_word' id='word_1_69' title='bbox 1893 617 1951 655; x_wconf 90' lang='lat' dir='ltr'>ni-</span> 
     </span>
     <span class='ocr_line' id='line_1_9' title="bbox 388 672 1954 729; baseline -0.008 -13"><span class='ocrx_word' id='word_1_70' title='bbox 388 691 477 729; x_wconf 81' lang='lat' dir='ltr'>gra,</span> <span class='ocrx_word' id='word_1_71' title='bbox 501 687 679 726; x_wconf 85' lang='lat' dir='ltr'>qvantum</span> <span class='ocrx_word' id='word_1_72' title='bbox 695 675 798 724; x_wconf 74' lang='lat' dir='ltr'>latis,</span> <span class='ocrx_word' id='word_1_73' title='bbox 821 672 981 725; x_wconf 77' lang='lat' dir='ltr'>repleta,</span> <span class='ocrx_word' id='word_1_74' title='bbox 1020 675 1317 723; x_wconf 84' lang='lat' dir='ltr'>gemmariorum</span> <span class='ocrx_word' id='word_1_75' title='bbox 1344 684 1471 721; x_wconf 84' lang='lat' dir='ltr'>more,</span> <span class='ocrx_word' id='word_1_76' title='bbox 1511 672 1783 724; x_wconf 76' lang='lat' dir='ltr'>dispolhimus3</span> <span class='ocrx_word' id='word_1_77' title='bbox 1819 679 1954 719; x_wconf 87' lang='lat' dir='ltr'>parum</span> 
     </span>
     <span class='ocr_line' id='line_1_10' title="bbox 388 719 1954 779; baseline -0.008 -12"><span class='ocrx_word' id='word_1_78' title='bbox 388 729 537 779; x_wconf 76' lang='lat' dir='ltr'>insuper</span> <span class='ocrx_word' id='word_1_79' title='bbox 557 725 726 774; x_wconf 78' lang='lat' dir='ltr'>solliciti,</span> <span class='ocrx_word' id='word_1_80' title='bbox 753 726 800 763; x_wconf 92' lang='lat' dir='ltr'>de</span> <span class='ocrx_word' id='word_1_81' title='bbox 821 723 1056 774; x_wconf 83' lang='lat' dir='ltr'>qvorundani</span> <span class='ocrx_word' id='word_1_82' title='bbox 1080 724 1256 775; x_wconf 76' lang='lat' dir='ltr'>pei-vetio</span> <span class='ocrx_word' id='word_1_83' title='bbox 1282 721 1445 770; x_wconf 79' lang='lat' dir='ltr'>judicio,</span> <span class='ocrx_word' id='word_1_84' title='bbox 1468 725 1551 772; x_wconf 79' lang='lat' dir='ltr'>qvi,</span> <span class='ocrx_word' id='word_1_85' title='bbox 1581 722 1751 774; x_wconf 83' lang='lat' dir='ltr'>Apitiana</span> <span class='ocrx_word' id='word_1_86' title='bbox 1775 719 1954 757; x_wconf 65' lang='lat' dir='ltr'>{ecstantes</span> 
     </span>
     <span class='ocr_line' id='line_1_11' title="bbox 388 768 1951 825; baseline -0.008 -7"><span class='ocrx_word' id='word_1_87' title='bbox 388 778 659 824; x_wconf 79' lang='lat' dir='ltr'>condimenta,</span> <span class='ocrx_word' id='word_1_88' title='bbox 679 776 912 825; x_wconf 76' lang='lat' dir='ltr'>existimant,</span> <span class='ocrx_word' id='word_1_89' title='bbox 926 786 1036 814; x_wconf 85' lang='lat' dir='ltr'>carne</span> <span class='ocrx_word' id='word_1_90' title='bbox 1056 774 1296 825; x_wconf 85' lang='lat' dir='ltr'>consumpta,</span> <span class='ocrx_word' id='word_1_91' title='bbox 1314 771 1472 824; x_wconf 79' lang='lat' dir='ltr'>piscium</span> <span class='ocrx_word' id='word_1_92' title='bbox 1490 773 1596 824; x_wconf 77' lang='lat' dir='ltr'>Ossa,</span> <span class='ocrx_word' id='word_1_93' title='bbox 1614 782 1697 821; x_wconf 41' lang='lat' dir='ltr'>,non</span> <span class='ocrx_word' id='word_1_94' title='bbox 1722 769 1787 809; x_wconf 85' lang='lat' dir='ltr'>nili</span> <span class='ocrx_word' id='word_1_95' title='bbox 1815 768 1951 809; x_wconf 82' lang='lat' dir='ltr'>felibus</span> 
     </span>
    </p>
   </div>
   <div class='ocr_carea' id='block_1_4' title="bbox 388 825 716 881">
    <p class='ocr_par' dir='ltr' id='par_1_4' title="bbox 388 825 716 881">
     <span class='ocr_line' id='line_1_12' title="bbox 388 825 716 881; baseline -0.012 -14"><span class='ocrx_word' id='word_1_96' title='bbox 388 826 613 881; x_wconf 83' lang='lat' dir='ltr'>porrigenda</span> <span class='ocrx_word' id='word_1_97' title='bbox 634 825 716 865; x_wconf 80' lang='lat' dir='ltr'>effe.</span> 
     </span>
    </p>
   </div>
   <div class='ocr_carea' id='block_1_5' title="bbox 1111 920 1286 971">
    <p class='ocr_par' dir='ltr' id='par_1_5' title="bbox 1111 920 1286 971">
     <span class='ocr_line' id='line_1_13' title="bbox 1111 920 1286 971; baseline 0.011 -14"><span class='ocrx_word' id='word_1_98' title='bbox 1111 920 1142 971; x_wconf 49' lang='grc' dir='ltr'>ᾗ.</span> <span class='ocrx_word' id='word_1_99' title='bbox 1167 922 1286 959; x_wconf 77' lang='lat' dir='ltr'>xxx.</span> 
     </span>
    </p>
   </div>
   <div class='ocr_carea' id='block_1_6' title="bbox 386 977 1952 1637">
    <p class='ocr_par' dir='ltr' id='par_1_6' title="bbox 386 977 1952 1637">
     <span class='ocr_line' id='line_1_14' title="bbox 489 977 1951 1032; baseline -0.008 -8"><span class='ocrx_word' id='word_1_100' title='bbox 489 983 631 1032; x_wconf 77' lang='lat' dir='ltr'>Restat,</span> <span class='ocrx_word' id='word_1_101' title='bbox 653 993 695 1021; x_wconf 81' lang='lat' dir='ltr'>ut</span> <span class='ocrx_word' id='word_1_102' title='bbox 712 978 854 1032; x_wconf 86' lang='lat' dir='ltr'>lapides</span> <span class='ocrx_word' id='word_1_103' title='bbox 870 978 1026 1018; x_wconf 81' lang='lat' dir='ltr'>Umbrae</span> <span class='ocrx_word' id='word_1_104' title='bbox 1043 979 1173 1029; x_wconf 79' lang='lat' dir='ltr'>piscis,</span> <span class='ocrx_word' id='word_1_105' title='bbox 1200 992 1311 1029; x_wconf 80' lang='lat' dir='ltr'>qvem</span> <span class='ocrx_word' id='word_1_106' title='bbox 1340 980 1459 1017; x_wconf 80' lang='lat' dir='ltr'>Graeci</span> <span class='ocrx_word' id='word_1_107' title='bbox 1484 979 1652 1028; x_wconf 70' lang='grc' dir='ltr'>Σκὶαἱναυ,</span> <span class='ocrx_word' id='word_1_108' title='bbox 1686 978 1758 1019; x_wconf 87' lang='lat' dir='ltr'>five</span> <span class='ocrx_word' id='word_1_109' title='bbox 1784 977 1951 1016; x_wconf 82' lang='lat' dir='ltr'>sciaenam</span> 
     </span>
     <span class='ocr_line' id='line_1_15' title="bbox 388 1027 1950 1084; baseline -0.007 -10"><span class='ocrx_word' id='word_1_110' title='bbox 388 1035 585 1084; x_wconf 79' lang='lat' dir='ltr'>dixerunt,</span> <span class='ocrx_word' id='word_1_111' title='bbox 603 1035 641 1071; x_wconf 92' lang='lat' dir='ltr'>in</span> <span class='ocrx_word' id='word_1_112' title='bbox 659 1035 756 1070; x_wconf 81' lang='lat' dir='ltr'>Mul.</span> <span class='ocrx_word' id='word_1_113' title='bbox 776 1028 917 1068; x_wconf 87' lang='lat' dir='ltr'>Metall.</span> <span class='ocrx_word' id='word_1_114' title='bbox 932 1027 1077 1068; x_wconf 72' lang='lat' dir='ltr'>Alarov.</span> <span class='ocrx_word' id='word_1_115' title='bbox 1092 1039 1124 1078; x_wconf 84' lang='lat' dir='ltr'>p.</span> <span class='ocrx_word' id='word_1_116' title='bbox 1142 1032 1218 1077; x_wconf 77' lang='lat'><em>796.</em></span> <span class='ocrx_word' id='word_1_117' title='bbox 1241 1030 1277 1068; x_wconf 68' lang='grc' dir='ltr'>ἃ</span> <span class='ocrx_word' id='word_1_118' title='bbox 1294 1029 1433 1081; x_wconf 86' lang='lat' dir='ltr'>lapides</span> <span class='ocrx_word' id='word_1_119' title='bbox 1451 1033 1500 1068; x_wconf 87' lang='lat' dir='ltr'>St.</span> <span class='ocrx_word' id='word_1_120' title='bbox 1519 1030 1615 1067; x_wconf 82' lang='lat' dir='ltr'>Petri</span> <span class='ocrx_word' id='word_1_121' title='bbox 1634 1032 1671 1067; x_wconf 89' lang='lat' dir='ltr'>in</span> <span class='ocrx_word' id='word_1_122' title='bbox 1691 1028 1837 1067; x_wconf 66' lang='lat' dir='ltr'>collee‘i.</span> <span class='ocrx_word' id='word_1_123' title='bbox 1857 1029 1950 1065; x_wconf 82' lang='lat' dir='ltr'>Vra-</span> 
     </span>
     <span class='ocr_line' id='line_1_16' title="bbox 389 1073 1949 1134; baseline -0.007 -10"><span class='ocrx_word' id='word_1_124' title='bbox 389 1084 465 1134; x_wconf 71' lang='lat' dir='ltr'>thl.</span> <span class='ocrx_word' id='word_1_125' title='bbox 500 1087 663 1124; x_wconf 81' lang='lat' dir='ltr'>Tentam.</span> <span class='ocrx_word' id='word_1_126' title='bbox 688 1080 835 1121; x_wconf 84' lang='lat' dir='ltr'><strong><em>XVIII.</em></strong></span> <span class='ocrx_word' id='word_1_127' title='bbox 861 1089 894 1129; x_wconf 82' lang='lat' dir='ltr'>p.</span> <span class='ocrx_word' id='word_1_128' title='bbox 922 1081 994 1118; x_wconf 76' lang='lat'><em>612.</em></span> <span class='ocrx_word' id='word_1_129' title='bbox 1022 1092 1183 1128; x_wconf 81' lang='lat' dir='ltr'>qvorum</span> <span class='ocrx_word' id='word_1_130' title='bbox 1211 1082 1445 1118; x_wconf 77' lang='lat' dir='ltr'>mentionem</span> <span class='ocrx_word' id='word_1_131' title='bbox 1476 1082 1518 1127; x_wconf 68' lang='lat' dir='ltr'>ff.</span> <span class='ocrx_word' id='word_1_132' title='bbox 1543 1082 1593 1117; x_wconf 77' lang='lat'>16.</span> <span class='ocrx_word' id='word_1_133' title='bbox 1621 1078 1802 1128; x_wconf 80' lang='lat' dir='ltr'>fecimus,</span> <span class='ocrx_word' id='word_1_134' title='bbox 1836 1073 1949 1129; x_wconf 76' lang='lat' dir='ltr'>paulo</span> 
     </span>
     <span class='ocr_line' id='line_1_17' title="bbox 389 1129 1951 1187; baseline -0.006 -13"><span class='ocrx_word' id='word_1_135' title='bbox 389 1137 546 1187; x_wconf 85' lang='lat' dir='ltr'>propius</span> <span class='ocrx_word' id='word_1_136' title='bbox 567 1131 855 1173; x_wconf 87' lang='lat' dir='ltr'>confideremus.</span> <span class='ocrx_word' id='word_1_137' title='bbox 923 1132 981 1167; x_wconf 90' lang='lat' dir='ltr'>De</span> <span class='ocrx_word' id='word_1_138' title='bbox 1000 1129 1081 1180; x_wconf 79' lang='lat' dir='ltr'>ipso</span> <span class='ocrx_word' id='word_1_139' title='bbox 1097 1130 1197 1179; x_wconf 75' lang='lat' dir='ltr'>pisce</span> <span class='ocrx_word' id='word_1_140' title='bbox 1221 1130 1367 1169; x_wconf 88' lang='lat' dir='ltr'>Umbra</span> <span class='ocrx_word' id='word_1_141' title='bbox 1389 1134 1554 1169; x_wconf 83' lang='lat' dir='ltr'>Autores</span> <span class='ocrx_word' id='word_1_142' title='bbox 1573 1129 1801 1181; x_wconf 84' lang='lat' dir='ltr'>discrepant,</span> <span class='ocrx_word' id='word_1_143' title='bbox 1837 1137 1951 1179; x_wconf 87' lang='lat' dir='ltr'>prout</span> 
     </span>
     <span class='ocr_line' id='line_1_18' title="bbox 388 1177 1949 1236; baseline -0.006 -12"><span class='ocrx_word' id='word_1_144' title='bbox 388 1185 558 1236; x_wconf 88' lang='lat' dir='ltr'>pluribus</span> <span class='ocrx_word' id='word_1_145' title='bbox 575 1183 697 1234; x_wconf 83' lang='lat' dir='ltr'>legere</span> <span class='ocrx_word' id='word_1_146' title='bbox 714 1181 802 1220; x_wconf 91' lang='lat' dir='ltr'>licet</span> <span class='ocrx_word' id='word_1_147' title='bbox 822 1178 920 1231; x_wconf 80' lang='lat' dir='ltr'>apud</span> <span class='ocrx_word' id='word_1_148' title='bbox 937 1177 1081 1218; x_wconf 63' lang='lat' dir='ltr'>aldrov.</span> <span class='ocrx_word' id='word_1_149' title='bbox 1099 1181 1140 1217; x_wconf 83' lang='lat' dir='ltr'>de</span> <span class='ocrx_word' id='word_1_150' title='bbox 1155 1179 1317 1230; x_wconf 78' lang='lat' dir='ltr'>Piscibus</span> <span class='ocrx_word' id='word_1_151' title='bbox 1329 1189 1360 1230; x_wconf 84' lang='lat' dir='ltr'>p.</span> <span class='ocrx_word' id='word_1_152' title='bbox 1379 1188 1436 1229; x_wconf 72' lang='lat'>78.</span> <span class='ocrx_word' id='word_1_153' title='bbox 1444 1179 1547 1230; x_wconf 68' lang='lat' dir='ltr'><em>sbqq.</em></span> <span class='ocrx_word' id='word_1_154' title='bbox 1600 1181 1679 1231; x_wconf 88' lang='lat' dir='ltr'>Ipse</span> <span class='ocrx_word' id='word_1_155' title='bbox 1703 1178 1793 1218; x_wconf 71' lang='lat' dir='ltr'>vero</span> <span class='ocrx_word' id='word_1_156' title='bbox 1817 1177 1949 1226; x_wconf 62' lang='lat' dir='ltr'>Algiro-</span> 
     </span>
     <span class='ocr_line' id='line_1_19' title="bbox 387 1229 1949 1282; baseline -0.007 -8"><span class='ocrx_word' id='word_1_157' title='bbox 387 1237 525 1274; x_wconf 81' lang='lat' dir='ltr'>vandus</span> <span class='ocrx_word' id='word_1_158' title='bbox 540 1233 730 1274; x_wconf 83' lang='lat' dir='ltr'>Umbram</span> <span class='ocrx_word' id='word_1_159' title='bbox 748 1231 936 1269; x_wconf 79' lang='lat' dir='ltr'>Coracino</span> <span class='ocrx_word' id='word_1_160' title='bbox 952 1229 1180 1268; x_wconf 80' lang='lat' dir='ltr'>simillimum</span> <span class='ocrx_word' id='word_1_161' title='bbox 1198 1230 1268 1269; x_wconf 74' lang='lat' dir='ltr'>esse</span> <span class='ocrx_word' id='word_1_162' title='bbox 1287 1230 1480 1282; x_wconf 82' lang='lat' dir='ltr'>perhibet,</span> <span class='ocrx_word' id='word_1_163' title='bbox 1503 1232 1571 1277; x_wconf 87' lang='lat' dir='ltr'>ita,</span> <span class='ocrx_word' id='word_1_164' title='bbox 1596 1241 1637 1268; x_wconf 90' lang='lat' dir='ltr'>ut</span> <span class='ocrx_word' id='word_1_165' title='bbox 1654 1231 1858 1269; x_wconf 85' lang='lat' dir='ltr'>Coracinus</span> <span class='ocrx_word' id='word_1_166' title='bbox 1878 1238 1949 1278; x_wconf 86' lang='lat' dir='ltr'>pro</span> 
     </span>
     <span class='ocr_line' id='line_1_20' title="bbox 386 1279 1952 1332; baseline -0.008 -6"><span class='ocrx_word' id='word_1_167' title='bbox 386 1285 535 1327; x_wconf 87' lang='lat' dir='ltr'>Umbra</span> <span class='ocrx_word' id='word_1_168' title='bbox 552 1281 749 1323; x_wconf 79' lang='lat' dir='ltr'>&amp;Umbra</span> <span class='ocrx_word' id='word_1_169' title='bbox 766 1292 837 1332; x_wconf 91' lang='lat' dir='ltr'>pro</span> <span class='ocrx_word' id='word_1_170' title='bbox 854 1281 1041 1318; x_wconf 85' lang='lat' dir='ltr'>Coracino</span> <span class='ocrx_word' id='word_1_171' title='bbox 1069 1282 1195 1318; x_wconf 77' lang='lat' dir='ltr'>Romae</span> <span class='ocrx_word' id='word_1_172' title='bbox 1230 1281 1457 1330; x_wconf 77' lang='lat' dir='ltr'>vendantur,</span> <span class='ocrx_word' id='word_1_173' title='bbox 1507 1281 1660 1329; x_wconf 79' lang='lat' dir='ltr'>ejusqve</span> <span class='ocrx_word' id='word_1_174' title='bbox 1690 1279 1830 1330; x_wconf 85' lang='lat' dir='ltr'>lapides</span> <span class='ocrx_word' id='word_1_175' title='bbox 1865 1290 1952 1315; x_wconf 86' lang='lat' dir='ltr'>ean-</span> 
     </span>
     <span class='ocr_line' id='line_1_21' title="bbox 389 1328 1950 1380; baseline -0.006 -6"><span class='ocrx_word' id='word_1_176' title='bbox 389 1336 477 1375; x_wconf 86' lang='lat' dir='ltr'>dem</span> <span class='ocrx_word' id='word_1_177' title='bbox 493 1333 706 1374; x_wconf 83' lang='lat' dir='ltr'>facultatem</span> <span class='ocrx_word' id='word_1_178' title='bbox 725 1344 812 1370; x_wconf 87' lang='lat' dir='ltr'>cum</span> <span class='ocrx_word' id='word_1_179' title='bbox 831 1329 963 1380; x_wconf 87' lang='lat' dir='ltr'>lapillis</span> <span class='ocrx_word' id='word_1_180' title='bbox 990 1331 1164 1368; x_wconf 85' lang='lat' dir='ltr'>Coracini</span> <span class='ocrx_word' id='word_1_181' title='bbox 1190 1330 1371 1379; x_wconf 84' lang='lat' dir='ltr'>habeant,</span> <span class='ocrx_word' id='word_1_182' title='bbox 1412 1333 1592 1368; x_wconf 84' lang='lat' dir='ltr'>nimirum</span> <span class='ocrx_word' id='word_1_183' title='bbox 1619 1342 1747 1368; x_wconf 87' lang='lat' dir='ltr'>contra</span> <span class='ocrx_word' id='word_1_184' title='bbox 1772 1328 1950 1367; x_wconf 82' lang='lat' dir='ltr'>dolorem</span> 
     </span>
     <span class='ocr_line' id='line_1_22' title="bbox 390 1375 1951 1430; baseline -0.006 -6"><span class='ocrx_word' id='word_1_185' title='bbox 390 1385 577 1427; x_wconf 85' lang='lat' dir='ltr'>Colicum.</span> <span class='ocrx_word' id='word_1_186' title='bbox 603 1383 678 1421; x_wconf 92' lang='lat' dir='ltr'>vid.</span> <span class='ocrx_word' id='word_1_187' title='bbox 691 1380 836 1420; x_wconf 75' lang='lat' dir='ltr'>Aldrov.</span> <span class='ocrx_word' id='word_1_188' title='bbox 853 1383 895 1418; x_wconf 79' lang='lat' dir='ltr'>de</span> <span class='ocrx_word' id='word_1_189' title='bbox 909 1379 991 1428; x_wconf 77' lang='lat' dir='ltr'>pifc.</span> <span class='ocrx_word' id='word_1_190' title='bbox 1006 1389 1041 1429; x_wconf 83' lang='lat' dir='ltr'>p.</span> <span class='ocrx_word' id='word_1_191' title='bbox 1059 1387 1115 1429; x_wconf 63' lang='lat'>83.</span> <span class='ocrx_word' id='word_1_192' title='bbox 1149 1380 1274 1429; x_wconf 69' lang='grc' dir='ltr'>Μιψο</span> <span class='ocrx_word' id='word_1_193' title='bbox 1303 1381 1481 1430; x_wconf 74' lang='lat' dir='ltr'>moscardo</span> <span class='ocrx_word' id='word_1_194' title='bbox 1503 1390 1536 1429; x_wconf 88' lang='lat' dir='ltr'>p.</span> <span class='ocrx_word' id='word_1_195' title='bbox 1563 1393 1639 1429; x_wconf 84' lang='lat'><em>140.</em></span> <span class='ocrx_word' id='word_1_196' title='bbox 1675 1379 1840 1427; x_wconf 55' lang='lat' dir='ltr'>Maleum</span> <span class='ocrx_word' id='word_1_197' title='bbox 1867 1375 1951 1416; x_wconf 80' lang='lat' dir='ltr'>Cal-</span> 
     </span>
     <span class='ocr_line' id='line_1_23' title="bbox 388 1429 1950 1488; baseline -0.007 -13"><span class='ocrx_word' id='word_1_198' title='bbox 388 1434 514 1475; x_wconf 78' lang='lat' dir='ltr'>ceolar.</span> <span class='ocrx_word' id='word_1_199' title='bbox 537 1444 570 1484; x_wconf 86' lang='lat' dir='ltr'>p.</span> <span class='ocrx_word' id='word_1_200' title='bbox 586 1435 649 1484; x_wconf 74' lang='lat'>96.</span> <span class='ocrx_word' id='word_1_201' title='bbox 675 1433 711 1471; x_wconf 69' lang='grc' dir='ltr'>ἃ</span> <span class='ocrx_word' id='word_1_202' title='bbox 736 1429 1037 1488; x_wconf 45' lang='lat' dir='ltr'>Paulffomcap.</span> <span class='ocrx_word' id='word_1_203' title='bbox 1072 1431 1170 1468; x_wconf 89' lang='lat' dir='ltr'><em>VIII.</em></span> <span class='ocrx_word' id='word_1_204' title='bbox 1181 1444 1197 1472; x_wconf 88' lang='lat'>,·</span> <span class='ocrx_word' id='word_1_205' title='bbox 1231 1431 1330 1469; x_wconf 87' lang='lat' dir='ltr'>unde</span> <span class='ocrx_word' id='word_1_206' title='bbox 1368 1430 1547 1469; x_wconf 81' lang='lat' dir='ltr'>Bellonius</span> <span class='ocrx_word' id='word_1_207' title='bbox 1577 1432 1618 1469; x_wconf 80' lang='lat' dir='ltr'>de</span> <span class='ocrx_word' id='word_1_208' title='bbox 1654 1442 1778 1480; x_wconf 77' lang='lat' dir='ltr'>aqvat.</span> <span class='ocrx_word' id='word_1_209' title='bbox 1808 1440 1842 1480; x_wconf 86' lang='lat' dir='ltr'>p.</span> <span class='ocrx_word' id='word_1_210' title='bbox 1878 1434 1950 1473; x_wconf 72' lang='lat'><em>113.</em></span> 
     </span>
     <span class='ocr_line' id='line_1_24' title="bbox 388 1478 1952 1536; baseline -0.007 -11"><span class='ocrx_word' id='word_1_211' title='bbox 388 1485 519 1536; x_wconf 85' lang='lat' dir='ltr'>„qvod</span> <span class='ocrx_word' id='word_1_212' title='bbox 537 1482 768 1536; x_wconf 68' lang='lat' dir='ltr'>praegrandes</span> <span class='ocrx_word' id='word_1_213' title='bbox 787 1481 898 1528; x_wconf 74' lang='lat' dir='ltr'>hujus</span> <span class='ocrx_word' id='word_1_214' title='bbox 916 1480 1025 1531; x_wconf 82' lang='lat' dir='ltr'>piscis</span> <span class='ocrx_word' id='word_1_215' title='bbox 1042 1480 1204 1519; x_wconf 84' lang='lat' dir='ltr'>calculos</span> <span class='ocrx_word' id='word_1_216' title='bbox 1221 1481 1364 1519; x_wconf 82' lang='lat' dir='ltr'>aurifici</span> <span class='ocrx_word' id='word_1_217' title='bbox 1379 1492 1536 1532; x_wconf 82' lang='lat' dir='ltr'>argento</span> <span class='ocrx_word' id='word_1_218' title='bbox 1553 1480 1736 1530; x_wconf 74' lang='lat' dir='ltr'>inclusos,</span> <span class='ocrx_word' id='word_1_219' title='bbox 1769 1478 1952 1519; x_wconf 86' lang='lat' dir='ltr'>divende-</span> 
     </span>
     <span class='ocr_line' id='line_1_25' title="bbox 389 1526 1952 1586; baseline -0.006 -11"><span class='ocrx_word' id='word_1_220' title='bbox 389 1549 458 1586; x_wconf 86' lang='lat' dir='ltr'>„re</span> <span class='ocrx_word' id='word_1_221' title='bbox 474 1534 634 1583; x_wconf 82' lang='lat' dir='ltr'>soleant,</span> <span class='ocrx_word' id='word_1_222' title='bbox 661 1530 920 1584; x_wconf 86' lang='lat' dir='ltr'>appellentqve</span> <span class='ocrx_word' id='word_1_223' title='bbox 944 1532 1085 1568; x_wconf 86' lang='lat' dir='ltr'>Pierres</span> <span class='ocrx_word' id='word_1_224' title='bbox 1103 1531 1149 1568; x_wconf 91' lang='lat' dir='ltr'>de</span> <span class='ocrx_word' id='word_1_225' title='bbox 1164 1530 1361 1580; x_wconf 81' lang='lat' dir='ltr'>coliqve3„</span> <span class='ocrx_word' id='word_1_226' title='bbox 1505 1530 1711 1580; x_wconf 80' lang='lat' dir='ltr'>Bouſjuetus</span> <span class='ocrx_word' id='word_1_227' title='bbox 1731 1544 1823 1571; x_wconf 81' lang='lat' dir='ltr'>vero</span> <span class='ocrx_word' id='word_1_228' title='bbox 1839 1527 1900 1568; x_wconf 79' lang='lat' dir='ltr'>all.</span> <span class='ocrx_word' id='word_1_229' title='bbox 1927 1526 1952 1567; x_wconf 81' lang='grc' dir='ltr'>Ι.</span> 
     </span>
     <span class='ocr_line' id='line_1_26' title="bbox 386 1580 1615 1637; baseline -0.003 -14"><span class='ocrx_word' id='word_1_230' title='bbox 386 1596 420 1637; x_wconf 77' lang='lat' dir='ltr'>p.</span> <span class='ocrx_word' id='word_1_231' title='bbox 439 1598 484 1625; x_wconf 91' lang='lat'>11.</span> <span class='ocrx_word' id='word_1_232' title='bbox 499 1584 702 1637; x_wconf 66' lang='lat' dir='ltr'>praesertim</span> <span class='ocrx_word' id='word_1_233' title='bbox 718 1592 848 1621; x_wconf 82' lang='lat' dir='ltr'>contra</span> <span class='ocrx_word' id='word_1_234' title='bbox 867 1580 1100 1632; x_wconf 86' lang='lat' dir='ltr'>nephriticos</span> <span class='ocrx_word' id='word_1_235' title='bbox 1119 1580 1271 1619; x_wconf 88' lang='lat' dir='ltr'>dolores</span> <span class='ocrx_word' id='word_1_236' title='bbox 1291 1582 1400 1619; x_wconf 87' lang='lat' dir='ltr'>utiles</span> <span class='ocrx_word' id='word_1_237' title='bbox 1425 1583 1615 1631; x_wconf 80' lang='lat' dir='ltr'>praedicat:</span> 
     </span>
    </p>
   </div>
   <div class='ocr_carea' id='block_1_7' title="bbox 589 1657 1669 2101">
    <p class='ocr_par' dir='ltr' id='par_1_7' title="bbox 591 1657 1669 1766">
     <span class='ocr_line' id='line_1_27' title="bbox 591 1657 1669 1713; baseline 0.001 -14"><span class='ocrx_word' id='word_1_238' title='bbox 591 1665 631 1701; x_wconf 91' lang='lat' dir='ltr'>In</span> <span class='ocrx_word' id='word_1_239' title='bbox 646 1660 771 1713; x_wconf 87' lang='lat' dir='ltr'>pretio</span> <span class='ocrx_word' id='word_1_240' title='bbox 788 1657 934 1698; x_wconf 79' lang='lat' dir='ltr'>Umbra</span> <span class='ocrx_word' id='word_1_241' title='bbox 953 1661 1067 1697; x_wconf 85' lang='lat' dir='ltr'>etiam</span> <span class='ocrx_word' id='word_1_242' title='bbox 1083 1671 1182 1697; x_wconf 90' lang='lat' dir='ltr'>nunc</span> <span class='ocrx_word' id='word_1_243' title='bbox 1198 1659 1267 1708; x_wconf 79' lang='lat' dir='ltr'>est,</span> <span class='ocrx_word' id='word_1_244' title='bbox 1284 1659 1385 1698; x_wconf 89' lang='lat' dir='ltr'>velut</span> <span class='ocrx_word' id='word_1_245' title='bbox 1403 1661 1528 1700; x_wconf 77' lang='lat' dir='ltr'>extitit</span> <span class='ocrx_word' id='word_1_246' title='bbox 1552 1661 1669 1712; x_wconf 88' lang='lat' dir='ltr'>olim,</span> 
     </span>
     <span class='ocr_line' id='line_1_28' title="bbox 687 1713 1503 1766; baseline -0.001 -11"><span class='ocrx_word' id='word_1_247' title='bbox 687 1714 880 1756; x_wconf 88' lang='lat' dir='ltr'>Divitibus</span> <span class='ocrx_word' id='word_1_248' title='bbox 899 1713 1078 1764; x_wconf 80' lang='lat' dir='ltr'>liqvidem</span> <span class='ocrx_word' id='word_1_249' title='bbox 1093 1717 1279 1766; x_wconf 86' lang='lat' dir='ltr'>competit</span> <span class='ocrx_word' id='word_1_250' title='bbox 1296 1716 1360 1754; x_wconf 80' lang='lat' dir='ltr'>iste</span> <span class='ocrx_word' id='word_1_251' title='bbox 1386 1716 1503 1755; x_wconf 87' lang='lat' dir='ltr'>cibus.</span> 
     </span>
    </p>

    <p class='ocr_par' dir='ltr' id='par_1_8' title="bbox 589 1771 1597 1876">
     <span class='ocr_line' id='line_1_29' title="bbox 589 1771 1597 1823; baseline -0.001 -10"><span class='ocrx_word' id='word_1_252' title='bbox 589 1775 678 1823; x_wconf 86' lang='lat' dir='ltr'>Ejus</span> <span class='ocrx_word' id='word_1_253' title='bbox 693 1773 796 1810; x_wconf 86' lang='lat' dir='ltr'>enim</span> <span class='ocrx_word' id='word_1_254' title='bbox 814 1776 908 1809; x_wconf 81' lang='lat' dir='ltr'>caro&#39;</span> <span class='ocrx_word' id='word_1_255' title='bbox 921 1772 1039 1810; x_wconf 87' lang='lat' dir='ltr'>svavis</span> <span class='ocrx_word' id='word_1_256' title='bbox 1059 1771 1095 1809; x_wconf 68' lang='lat' dir='ltr'>&lt;St</span> <span class='ocrx_word' id='word_1_257' title='bbox 1111 1771 1182 1820; x_wconf 82' lang='lat' dir='ltr'>est,</span> <span class='ocrx_word' id='word_1_258' title='bbox 1209 1771 1245 1809; x_wconf 71' lang='grc' dir='ltr'>δι</span> <span class='ocrx_word' id='word_1_259' title='bbox 1265 1772 1441 1821; x_wconf 78' lang='lat' dir='ltr'>candida,</span> <span class='ocrx_word' id='word_1_260' title='bbox 1466 1785 1535 1823; x_wconf 86' lang='lat' dir='ltr'>qva</span> <span class='ocrx_word' id='word_1_261' title='bbox 1553 1771 1597 1812; x_wconf 83' lang='lat' dir='ltr'>fit</span> 
     </span>
     <span class='ocr_line' id='line_1_30' title="bbox 693 1827 1464 1876; baseline -0.001 -9"><span class='ocrx_word' id='word_1_262' title='bbox 693 1827 834 1867; x_wconf 89' lang='lat' dir='ltr'>Album</span> <span class='ocrx_word' id='word_1_263' title='bbox 853 1829 908 1875; x_wconf 85' lang='lat' dir='ltr'>jus</span> <span class='ocrx_word' id='word_1_264' title='bbox 929 1827 1009 1865; x_wconf 83' lang='lat' dir='ltr'>fieri</span> <span class='ocrx_word' id='word_1_265' title='bbox 1030 1840 1099 1876; x_wconf 70' lang='lat' dir='ltr'>qva</span> <span class='ocrx_word' id='word_1_266' title='bbox 1119 1827 1156 1865; x_wconf 67' lang='grc' dir='ltr'>ἃ</span> <span class='ocrx_word' id='word_1_267' title='bbox 1174 1827 1341 1866; x_wconf 82' lang='lat' dir='ltr'>Gelatina</span> <span class='ocrx_word' id='word_1_268' title='bbox 1360 1827 1464 1866; x_wconf 85' lang='lat' dir='ltr'>solet.</span> 
     </span>
    </p>

    <p class='ocr_par' dir='ltr' id='par_1_9' title="bbox 590 1880 1492 1988">
     <span class='ocr_line' id='line_1_31' title="bbox 590 1880 1472 1934; baseline -0.001 -12"><span class='ocrx_word' id='word_1_269' title='bbox 590 1886 632 1922; x_wconf 88' lang='lat' dir='ltr'>In</span> <span class='ocrx_word' id='word_1_270' title='bbox 652 1885 773 1934; x_wconf 84' lang='lat' dir='ltr'>capite</span> <span class='ocrx_word' id='word_1_271' title='bbox 794 1884 937 1920; x_wconf 86' lang='lat' dir='ltr'>inventi</span> <span class='ocrx_word' id='word_1_272' title='bbox 956 1882 1094 1933; x_wconf 82' lang='lat' dir='ltr'>lapides</span> <span class='ocrx_word' id='word_1_273' title='bbox 1111 1880 1283 1921; x_wconf 84' lang='lat' dir='ltr'>conferre</span> <span class='ocrx_word' id='word_1_274' title='bbox 1300 1883 1472 1922; x_wconf 82' lang='lat' dir='ltr'>feruntur</span> 
     </span>
     <span class='ocr_line' id='line_1_32' title="bbox 692 1937 1492 1988; baseline 0 -12"><span class='ocrx_word' id='word_1_275' title='bbox 692 1942 861 1987; x_wconf 87' lang='lat' dir='ltr'>Arqvato</span> <span class='ocrx_word' id='word_1_276' title='bbox 878 1938 1037 1987; x_wconf 83' lang='lat' dir='ltr'>morbo,</span> <span class='ocrx_word' id='word_1_277' title='bbox 1063 1937 1357 1988; x_wconf 83' lang='lat' dir='ltr'>nephriticisqve</span> <span class='ocrx_word' id='word_1_278' title='bbox 1373 1938 1492 1977; x_wconf 85' lang='lat' dir='ltr'>fimul.</span> 
     </span>
    </p>

    <p class='ocr_par' dir='ltr' id='par_1_10' title="bbox 591 1994 1528 2101">
     <span class='ocr_line' id='line_1_33' title="bbox 591 1994 1410 2051; baseline 0.001 -19"><span class='ocrx_word' id='word_1_279' title='bbox 591 1995 695 2051; x_wconf 80' lang='lat' dir='ltr'>Qin</span> <span class='ocrx_word' id='word_1_280' title='bbox 711 1996 826 2033; x_wconf 85' lang='lat' dir='ltr'>etiarn</span> <span class='ocrx_word' id='word_1_281' title='bbox 843 2006 959 2045; x_wconf 83' lang='lat' dir='ltr'>panos</span> <span class='ocrx_word' id='word_1_282' title='bbox 981 1994 1071 2045; x_wconf 83' lang='lat' dir='ltr'>saepe</span> <span class='ocrx_word' id='word_1_283' title='bbox 1085 1994 1253 2033; x_wconf 87' lang='lat' dir='ltr'>intestina</span> <span class='ocrx_word' id='word_1_284' title='bbox 1276 1995 1410 2033; x_wconf 75' lang='lat' dir='ltr'>sciaenae</span> 
     </span>
     <span class='ocr_line' id='line_1_34' title="bbox 692 2050 1528 2101; baseline 0 -13"><span class='ocrx_word' id='word_1_285' title='bbox 692 2053 971 2099; x_wconf 82' lang='lat' dir='ltr'>quammaeqve</span> <span class='ocrx_word' id='word_1_286' title='bbox 996 2050 1127 2090; x_wconf 78' lang='lat' dir='ltr'>exuflae</span> <span class='ocrx_word' id='word_1_287' title='bbox 1141 2051 1304 2101; x_wconf 83' lang='lat' dir='ltr'>graviter</span> <span class='ocrx_word' id='word_1_288' title='bbox 1320 2051 1528 2090; x_wconf 85' lang='lat' dir='ltr'>excutiunt.</span> 
     </span>
    </p>
   </div>
   <div class='ocr_carea' id='block_1_8' title="bbox 385 2132 1953 2488">
    <p class='ocr_par' dir='ltr' id='par_1_11' title="bbox 385 2132 1953 2443">
     <span class='ocr_line' id='line_1_35' title="bbox 391 2132 1951 2185; baseline 0 -8"><span class='ocrx_word' id='word_1_289' title='bbox 391 2137 538 2177; x_wconf 88' lang='lat' dir='ltr'>Similes</span> <span class='ocrx_word' id='word_1_290' title='bbox 554 2134 683 2174; x_wconf 79' lang='lat' dir='ltr'>laudes</span> <span class='ocrx_word' id='word_1_291' title='bbox 697 2132 885 2173; x_wconf 84' lang='lat' dir='ltr'>celebrant</span> <span class='ocrx_word' id='word_1_292' title='bbox 906 2136 1100 2175; x_wconf 82' lang='lat' dir='ltr'>Mercatus</span> <span class='ocrx_word' id='word_1_293' title='bbox 1116 2132 1322 2174; x_wconf 73' lang='lat' dir='ltr'>Metalloth.</span> <span class='ocrx_word' id='word_1_294' title='bbox 1335 2145 1371 2185; x_wconf 83' lang='lat' dir='ltr'>p.</span> <span class='ocrx_word' id='word_1_295' title='bbox 1386 2142 1462 2183; x_wconf 69' lang='lat'><em>187.</em></span> <span class='ocrx_word' id='word_1_296' title='bbox 1487 2134 1525 2172; x_wconf 82' lang='lat'>&amp;</span> <span class='ocrx_word' id='word_1_297' title='bbox 1550 2133 1804 2173; x_wconf 75' lang='lat' dir='ltr'>Commercium</span> <span class='ocrx_word' id='word_1_298' title='bbox 1830 2137 1951 2177; x_wconf 79' lang='lat' dir='ltr'>Litte-</span> 
     </span>
     <span class='ocr_line' id='line_1_36' title="bbox 391 2183 1953 2236; baseline 0 -9"><span class='ocrx_word' id='word_1_299' title='bbox 391 2189 535 2227; x_wconf 75' lang='lat' dir='ltr'>rarium</span> <span class='ocrx_word' id='word_1_300' title='bbox 547 2183 754 2224; x_wconf 87' lang='lat' dir='ltr'>Norimber.</span> <span class='ocrx_word' id='word_1_301' title='bbox 766 2187 836 2223; x_wconf 78' lang='lat' dir='ltr'>An.</span> <span class='ocrx_word' id='word_1_302' title='bbox 852 2194 948 2235; x_wconf 70' lang='lat'><em>1735.</em></span> <span class='ocrx_word' id='word_1_303' title='bbox 960 2195 994 2234; x_wconf 84' lang='lat' dir='ltr'>p.</span> <span class='ocrx_word' id='word_1_304' title='bbox 1017 2197 1086 2223; x_wconf 87' lang='lat'><em>210.</em></span> <span class='ocrx_word' id='word_1_305' title='bbox 1110 2184 1287 2224; x_wconf 82' lang='lat' dir='ltr'>Nostrum</span> <span class='ocrx_word' id='word_1_306' title='bbox 1304 2199 1383 2224; x_wconf 89' lang='lat' dir='ltr'>non</span> <span class='ocrx_word' id='word_1_307' title='bbox 1401 2187 1450 2224; x_wconf 84' lang='lat' dir='ltr'>est</span> <span class='ocrx_word' id='word_1_308' title='bbox 1462 2216 1474 2234; x_wconf 88' lang='lat'>‚</span> <span class='ocrx_word' id='word_1_309' title='bbox 1493 2185 1532 2222; x_wconf 84' lang='lat' dir='ltr'>in</span> <span class='ocrx_word' id='word_1_310' title='bbox 1547 2186 1702 2222; x_wconf 77' lang='lat' dir='ltr'>virtutes</span> <span class='ocrx_word' id='word_1_311' title='bbox 1717 2186 1953 2236; x_wconf 87' lang='lat' dir='ltr'>Lapillorum</span> 
     </span>
     <span class='ocr_line' id='line_1_37' title="bbox 391 2229 1949 2287; baseline -0.003 -11"><span class='ocrx_word' id='word_1_312' title='bbox 391 2239 600 2287; x_wconf 83' lang='lat' dir='ltr'>inqvirere3</span> <span class='ocrx_word' id='word_1_313' title='bbox 623 2233 789 2273; x_wconf 84' lang='lat' dir='ltr'>conferri</span> <span class='ocrx_word' id='word_1_314' title='bbox 805 2246 931 2273; x_wconf 81' lang='lat' dir='ltr'>tamen</span> <span class='ocrx_word' id='word_1_315' title='bbox 951 2237 1091 2285; x_wconf 88' lang='lat' dir='ltr'>poterit</span> <span class='ocrx_word' id='word_1_316' title='bbox 1112 2233 1307 2275; x_wconf 75' lang='lat' dir='ltr'>Marchais</span> <span class='ocrx_word' id='word_1_317' title='bbox 1335 2238 1416 2286; x_wconf 74' lang='lat' dir='ltr'>Voy.</span> <span class='ocrx_word' id='word_1_318' title='bbox 1433 2237 1474 2273; x_wconf 79' lang='lat' dir='ltr'>de</span> <span class='ocrx_word' id='word_1_319' title='bbox 1493 2229 1629 2272; x_wconf 78' lang='lat' dir='ltr'>Guine‘e</span> <span class='ocrx_word' id='word_1_320' title='bbox 1649 2235 1675 2271; x_wconf 86' lang='lat' dir='ltr'>J.</span> <span class='ocrx_word' id='word_1_321' title='bbox 1696 2244 1730 2282; x_wconf 86' lang='lat' dir='ltr'>p.</span> <span class='ocrx_word' id='word_1_322' title='bbox 1748 2248 1806 2284; x_wconf 72' lang='lat'>3&#39;·</span> <span class='ocrx_word' id='word_1_323' title='bbox 1868 2238 1949 2277; x_wconf 84' lang='lat' dir='ltr'>Ubi</span> 
     </span>
     <span class='ocr_line' id='line_1_38' title="bbox 391 2284 1950 2339; baseline -0.004 -13"><span class='ocrx_word' id='word_1_324' title='bbox 391 2289 440 2327; x_wconf 87' lang='lat' dir='ltr'>de</span> <span class='ocrx_word' id='word_1_325' title='bbox 456 2285 638 2339; x_wconf 84' lang='lat' dir='ltr'>lapidibus</span> <span class='ocrx_word' id='word_1_326' title='bbox 651 2284 849 2334; x_wconf 87' lang='lat' dir='ltr'>Coliqves‚</span> <span class='ocrx_word' id='word_1_327' title='bbox 883 2297 929 2322; x_wconf 88' lang='lat' dir='ltr'>ex</span> <span class='ocrx_word' id='word_1_328' title='bbox 955 2284 1167 2324; x_wconf 83' lang='lat' dir='ltr'>Asellorum</span> <span class='ocrx_word' id='word_1_329' title='bbox 1191 2287 1379 2333; x_wconf 86' lang='lat' dir='ltr'>majorum</span> <span class='ocrx_word' id='word_1_330' title='bbox 1395 2299 1434 2324; x_wconf 86' lang='lat' dir='ltr'>ca</span> <span class='ocrx_word' id='word_1_331' title='bbox 1465 2285 1578 2323; x_wconf 89' lang='lat' dir='ltr'>itibus</span> <span class='ocrx_word' id='word_1_332' title='bbox 1595 2284 1821 2331; x_wconf 84' lang='lat' dir='ltr'>(secundum</span> <span class='ocrx_word' id='word_1_333' title='bbox 1842 2299 1950 2327; x_wconf 80' lang='lat' dir='ltr'>auto-</span> 
     </span>
     <span class='ocr_line' id='line_1_39' title="bbox 389 2298 1950 2385; baseline -0.004 -8"><span class='ocrx_word' id='word_1_334' title='bbox 389 2341 491 2382; x_wconf 82' lang='lat' dir='ltr'>rem)</span> <span class='ocrx_word' id='word_1_335' title='bbox 517 2338 553 2376; x_wconf 70' lang='lat'>61</span> <span class='ocrx_word' id='word_1_336' title='bbox 573 2337 742 2384; x_wconf 61' lang='lat' dir='ltr'>Bougm,</span> <span class='ocrx_word' id='word_1_337' title='bbox 764 2347 812 2372; x_wconf 84' lang='lat' dir='ltr'>ex</span> <span class='ocrx_word' id='word_1_338' title='bbox 832 2333 1028 2383; x_wconf 83' lang='lat' dir='ltr'>Cochleis‚</span> <span class='ocrx_word' id='word_1_339' title='bbox 1044 2335 1122 2373; x_wconf 75' lang='lat' dir='ltr'>haec</span> <span class='ocrx_word' id='word_1_340' title='bbox 1138 2336 1261 2374; x_wconf 86' lang='lat' dir='ltr'>addit:</span> <span class='ocrx_word' id='word_1_341' title='bbox 1402 2298 1493 2385; x_wconf 55' lang='lat' dir='ltr'>„gn</span> <span class='ocrx_word' id='word_1_342' title='bbox 1519 2334 1571 2372; x_wconf 91' lang='lat' dir='ltr'>les</span> <span class='ocrx_word' id='word_1_343' title='bbox 1604 2334 1725 2384; x_wconf 83' lang='lat' dir='ltr'>prend</span> <span class='ocrx_word' id='word_1_344' title='bbox 1749 2335 1819 2381; x_wconf 85' lang='lat' dir='ltr'>(les</span> <span class='ocrx_word' id='word_1_345' title='bbox 1845 2337 1950 2376; x_wconf 82' lang='lat' dir='ltr'>Coli-</span> 
     </span>
     <span class='ocr_line' id='line_1_40' title="bbox 385 2383 1950 2443; baseline -0.001 -15"><span class='ocrx_word' id='word_1_346' title='bbox 385 2388 538 2440; x_wconf 85' lang='lat' dir='ltr'>‚‚ques)</span> <span class='ocrx_word' id='word_1_347' title='bbox 573 2385 663 2425; x_wconf 78' lang='lat' dir='ltr'>dans</span> <span class='ocrx_word' id='word_1_348' title='bbox 682 2383 735 2424; x_wconf 80' lang='lat' dir='ltr'>les</span> <span class='ocrx_word' id='word_1_349' title='bbox 751 2386 847 2423; x_wconf 61' lang='lat' dir='ltr'>tetes</span> <span class='ocrx_word' id='word_1_350' title='bbox 865 2385 931 2424; x_wconf 87' lang='lat' dir='ltr'>des</span> <span class='ocrx_word' id='word_1_351' title='bbox 948 2389 1125 2432; x_wconf 75' lang='lat' dir='ltr'>rnoru‘e&#39;s3</span> <span class='ocrx_word' id='word_1_352' title='bbox 1140 2387 1175 2435; x_wconf 86' lang='lat' dir='ltr'>je</span> <span class='ocrx_word' id='word_1_353' title='bbox 1191 2384 1304 2438; x_wconf 86' lang='lat' dir='ltr'>pense</span> <span class='ocrx_word' id='word_1_354' title='bbox 1319 2397 1510 2436; x_wconf 82' lang='lat' dir='ltr'>pourtant,</span> <span class='ocrx_word' id='word_1_355' title='bbox 1526 2395 1598 2434; x_wconf 86' lang='lat' dir='ltr'>que</span> <span class='ocrx_word' id='word_1_356' title='bbox 1614 2395 1676 2422; x_wconf 90' lang='lat' dir='ltr'>ces</span> <span class='ocrx_word' id='word_1_357' title='bbox 1690 2385 1832 2443; x_wconf 82' lang='lat' dir='ltr'>pierres</span> <span class='ocrx_word' id='word_1_358' title='bbox 1849 2387 1884 2425; x_wconf 66' lang='grc' dir='ltr'>ἂι</span> <span class='ocrx_word' id='word_1_359' title='bbox 1898 2387 1950 2426; x_wconf 88' lang='lat' dir='ltr'>les</span> 
     </span>
    </p>

    <p class='ocr_par' dir='ltr' id='par_1_12' title="bbox 1773 2438 1950 2488">
     <span class='ocr_line' id='line_1_41' title="bbox 1773 2438 1950 2488; baseline 0.023 -13"><span class='ocrx_word' id='word_1_360' title='bbox 1773 2438 1950 2488; x_wconf 68' lang='lat' dir='ltr'>„Bouges</span> 
     </span>
    </p>
   </div>
  </div>
 </body>
</html>
