2139 3022
576 222 657 263 ET
717 222 1193 286 timpum-nnis.
1622 237 1672 278 ,ῃ

106 321 280 372 Tannenfi
297 334 375 362 non
404 320 471 363 nili
494 333 654 374 qvatuor
671 335 690 362 a
720 322 937 373 Tentzelio,
990 333 1105 375 prout
1125 336 1145 363 a
1171 323 1316 375 Plinio,
1367 324 1582 372 obser-vam
1632 325 1673 367 Gt

100 375 262 424 deniqve
282 373 399 424 figura
417 373 638 413 mandibulae
656 373 857 413 inferioris
921 375 1028 422 cujus
1050 377 1285 415 mentionem
1306 373 1467 417 fecimus
1492 391 1541 418 ex
1556 378 1671 417 Mar-

87 423 182 475 filiii
197 437 215 463 o
238 426 315 463 eris
328 422 551 464 Danubialis
579 425 675 463 Tom.
704 425 760 463 ΙΙ.
795 405 886 464 Tab.
911 436 958 473 31
1009 423 1290 474 (nitfallimur)
1342 439 1391 466 ex
1413 426 1532 467 altero
1555 427 1675 467 latere

98 477 138 514 in
159 477 217 514 Ta
248 474 306 514 ula
323 505 335 525 ‚
389 473 545 524 ibidem,
596 472 766 524 sinistro,
816 475 972 525 gloffam
1003 475 1192 514 Harduini
1222 476 1475 527 comprobare
1504 478 1666 518 videtur.

97 524 242 577 Qyodfi
260 537 377 577 porro
397 523 577 566 Rohertus
592 525 698 563 Knox
713 526 752 563 in
767 523 950 572 Hssorica
965 525 1156 566 Relatione
1171 525 1295 574 Insislae
1311 525 1439 576 Ceylon
1461 528 1533 568 ἃς.
1560 540 1669 567 men-

97 578 246 615 tionem
263 574 396 614 fecerit
413 575 710 627 Elephantorum
725 588 954 626 paucorum,
1005 578 1068 626 qvi
1093 576 1248 616 exsertis
1272 577 1458 617 Dentibus
1484 581 1523 617 in
1548 578 1670 623 Insula

97 628 236 672 muniti
253 626 356 675 sunt,
407 625 444 663 ἃ
465 625 618 674 qvidem
637 637 715 663 non
732 624 796 664 nifi
818 638 967 670 mares3
1017 625 1162 666 Plinius
1179 639 1306 666 autem
1334 640 1468 667 omnes
1493 629 1669 668 dentatos

97 675 256 725 dixerit,
308 687 427 713 mares
447 676 602 714 exsertis
627 675 802 714 dentibus
823 677 972 715 reflexis
990 705 1002 724 ‚
1047 675 1207 716 feminas
1226 680 1418 718 contrario
1435 679 1538 718 flexu
1554 679 1669 717 deor·

94 727 178 766 sum
193 724 432 776 vergentibus
448 723 521 764 five
538 727 668 777 pronis
683 739 694 770 3
745 725 901 775 qvilibet
920 725 1121 766 nobiscum
1142 729 1293 778 sentiet,
1343 729 1573 781 insuspenlo
1588 740 1669 768 tam

95 776 161 816 diu
178 774 464 824 reli-nqvendum
480 774 573 826 effe,
622 786 714 825 qvot
736 788 862 815 revera
881 775 1109 828 Elephantus
1126 777 1284 828 gaudeat
1312 778 1486 818 dentibus
1512 778 1668 819 molari-

93 825 186 877 bus,
240 836 373 877 praeter
390 826 580 875 exsertos,
630 839 746 875 usqve
764 827 854 866 dum
875 827 981 867 allata
999 826 1110 867 dubia
1130 826 1269 867 fuerint
1290 828 1420 868 soluta.
1468 832 1507 876 a)

217 887 247 919 a)
290 882 352 914 Vid.
367 882 518 920 Hrstorical
529 880 662 912 Relm'on
677 884 713 922 ‘ff
722 883 767 910 the
785 883 880 913 lslaml
894 886 988 921 Ceylon
1006 882 1038 911 t'n
1058 886 1105 914 the
1124 891 1193 913 Ean
1208 883 1299 914 Jndies
1314 886 1367 915 ἃς.
1392 888 1435 916 vel
1458 884 1668 927 Ceylanbisdye

299 934 632 973 Keffserbescbteibung
647 932 774 976 Ejusdem
784 944 812 973 p.
835 945 873 971 43
883 945 896 969 ‚·
939 935 965 963 ἃ
983 937 1113 971 Journal
1123 934 1169 965 det
1184 942 1326 965 Scavann
1342 941 1411 967 Ὶόηι.
1426 941 1479 966 XI.
1498 946 1526 975 p.
1543 940 1568 966 ὅ.

747 979 778 1030 §.
820 983 993 1018 xxxix.

191 1031 347 1070 Interim
365 1043 443 1070 non
460 1029 553 1070 levis
578 1043 625 1069 ex
651 1029 948 1081 Elephantorum
975 1029 1150 1080 Offibus,
1203 1030 1308 1071 fimul
1337 1045 1379 1072 ac
1403 1045 1453 1071 ex
1478 1030 1667 1071 foffilibus

89 1083 183 1122 varii
200 1082 374 1131 generis,
426 1092 530 1120 enata
548 1081 598 1120 est
616 1080 886 1121 controversia:
940 1092 1068 1120 utrum
1087 1083 1125 1119 in
1147 1082 1329 1131 Diluvio,
1384 1084 1422 1120 vi
1450 1082 1634 1121 fludiuum
1652 1110 1668 1131 ,>

90 1146 139 1173 ex
155 1132 270 1171 Indiis
286 1130 424 1171 fuerint
455 1132 647 1183 deportata
671 1131 846 1170 cadavera
870 1131 905 1170 δι
933 1133 1044 1178 variis
1068 1133 1107 1169 in
1135 1131 1228 1170 locis
1258 1130 1448 1183 depofita?
1501 1146 1546 1171 an
1570 1143 1664 1170 vero

91 1184 173 1236 post
190 1183 388 1221 Diluvium
405 1184 593 1233 originem
610 1182 709 1220 suam
727 1181 885 1220 debeant
904 1181 961 1219 vel
980 1181 1209 1232 populorum
1227 1182 1535 1234 expeditionibus
1555 1182 1663 1221 belli-

93 1237 167 1283 cis,
217 1232 275 1271 vel
295 1232 606 1283 migrationibus?
662 1233 833 1283 inprimis
851 1232 982 1270 decem
994 1232 1185 1271 Tribuum
1202 1232 1467 1282 Israelitarum‚
1520 1246 1567 1271 ex
1578 1234 1663 1282 qvi-

93 1284 163 1324 bus
182 1280 409 1322 Rudbeclzius
429 1285 627 1333 Lappones
652 1294 808 1320 exortos
835 1282 907 1321 effe
939 1295 1117 1321 autumat.
1214 1285 1270 1323 Ut
1295 1283 1440 1322 silentio
1468 1295 1663 1334 praeterea-

93 1347 178 1374 mus
195 1334 334 1380 Raetii,
393 1333 566 1382 Wormii,
615 1331 844 1382 Bartholtni,
896 1330 1066 1382 Bauschii
1088 1332 1298 1371 aliorumve
1325 1333 1372 1371 de
1398 1332 1532 1372 lufibus
1553 1345 1663 1372 natu·-

93 1397 160 1433 rae,
207 1383 266 1422 vel
281 1382 431 1422 Libavii
446 1383 628 1432 &Langii
643 1384 842 1434 opiniones
860 1381 895 1420 ἃ
913 1395 1127 1421 commenta
1148 1383 1193 1420 dc
1212 1396 1319 1421 carne
1338 1382 1470 1432 foffili,
1526 1382 1663 1433 (qvid-

92 1437 132 1474 ni
148 1436 260 1473 etiam
282 1433 328 1471 de
350 1432 490 1471 offibus
508 1433 756 1481 dentibusqve
781 1435 817 1470 in
837 1445 931 1471 terra
960 1433 1242 1483 vegetantibus)
1295 1434 1350 1471 vel
1382 1437 1574 1485 praetenlits
1593 1447 1663 1473 ex-

93 1483 279 1524 curliones
298 1482 515 1521 annualium
532 1496 579 1522 ex
601 1482 682 1522 solo
701 1483 810 1521 natali
827 1484 866 1520 in
897 1483 1058 1522 diverlas
1086 1484 1209 1534 plagas
1227 1514 1237 1532 ‚
1288 1483 1345 1521 vel
1370 1484 1526 1522 Burneti
1537 1484 1663 1536 hypo-

93 1534 231 1583 thesin,
262 1533 366 1583 qvod
385 1545 470 1572 ante
487 1533 672 1572 diluvium
689 1534 859 1572 constans
876 1531 988 1572 fuerit
1002 1533 1270 1584 aeqvinoc’tium
1287 1535 1394 1585 super
1411 1537 1539 1584 terris,
1566 1547 1661 1572 con-

91 1583 286 1635 seqventer
303 1583 406 1622 calor
418 1584 586 1634 aeqvalis,
639 1595 678 1622 ut
695 1584 851 1634 perinde
871 1582 983 1622 fuerit
996 1615 1006 1633 ‚
1059 1586 1096 1623 in
1116 1596 1192 1633 qvo
1209 1584 1296 1622 loco
1311 1583 1549 1623 domicilium
1566 1594 1662 1623 con·

90 1636 274 1676 nituerint
291 1633 480 1677 animali213
534 1634 592 1672 vel
609 1632 770 1684 deniqve
789 1633 976 1673 celebrem
996 1632 1159 1674 fabulam
1177 1635 1408 1685 populorum
1437 1634 1586 1675 Siberiae
1612 1636 1662 1673 de

90 1685 262 1736 fingulari
278 1683 426 1722 animali
444 1684 707 1733 lubterraneo‚
759 1686 927 1723 Mamont
948 1684 1064 1723 dic‘lo.
1201 1687 1278 1723 Has
1300 1685 1382 1724 lites
1408 1687 1532 1735 seqvi,
1581 1687 1661 1724 ani-

91 1749 176 1775 mus
193 1734 345 1785 qvidem
364 1734 473 1772 nobis
492 1747 568 1772 non
581 1735 664 1783 ,est3
698 1734 945 1774 nihilominus
961 1747 1086 1773 tamen
1106 1732 1215 1772 fateri
1234 1737 1408 1785 cogimur
1422 1767 1433 1785 ,
1468 1749 1515 1774 ex
1533 1737 1661 1774 omni-

90 1787 180 1835 bus,
233 1798 309 1834 qvae
327 1784 630 1836 probabilitatem
647 1782 807 1834 aliqvam
829 1786 962 1824 lucrari
984 1785 1149 1836 possent,
1194 1785 1439 1836 opinionibus
1457 1817 1468 1835 ,
1519 1785 1660 1836 proba-

87 1836 279 1877 biliffimas
300 1837 423 1874 sortiri
441 1837 625 1884 rationes,
680 1848 757 1884 qvae
776 1848 824 1875 ex
838 1837 1033 1875 univerlali
1054 1834 1200 1873 diluvio
1225 1848 1415 1887 petuntur.
1491 1836 1658 1893 Qippe,

83 1892 154 1927 riec
167 1890 427 1926 Romanorum
442 1917 453 1935 ‚
470 1899 539 1924 nec
555 1888 773 1925 Graecorum
785 1918 796 1933 ,
815 1898 884 1925 nec
900 1887 1089 1925 Perliirum
1100 1916 1111 1934 ‚
1140 1898 1209 1924 nec
1235 1887 1471 1934 Assyriorum
1486 1899 1548 1925 aut
1564 1888 1659 1926 alio-

87 1950 169 1978 rum
185 1936 418 1989 populorum
439 1936 701 1988 expeditiones
722 1936 871 1975 bellicas
890 1967 901 1987 ‚
954 1937 1010 1974 vel
1031 1938 1068 1974 in
1086 1934 1266 1975 Sibermm
1284 1936 1543 1987 frigidiorem,
1598 1936 1659 1975 vel

87 1991 124 2028 in
143 1987 315 2033 Pruffiam
331 2017 342 2035 ,
393 1987 531 2026 nedum
552 1989 591 2024 in
612 1985 811 2026 Islandictm
834 1987 1093 2035 conjecturare
1118 1986 1204 2026 licet
1221 2017 1231 2035 ‚
1293 1988 1392 2025 unde
1415 1988 1574 2039 sulpicio
1596 1988 1658 2025 io-

86 2050 143 2077 ret
160 2070 172 2087 ‚
224 2038 519 2087 Elephantorum
546 2036 828 2075 multitudinem
852 2050 922 2075 una
943 2050 1030 2075 cum
1048 2036 1120 2074 illis
1146 2038 1383 2076 transmeaffe
1400 2068 1412 2087 ‚
1465 2038 1600 2088 hisqve
1618 2039 1659 2076 in

85 2089 181 2129 locis
206 2088 385 2140 sepultam
408 2087 508 2132 effe3
560 2099 680 2136 neqve
707 2087 819 2126 ullam
844 2099 996 2138 gentem
1018 2088 1114 2125 adeo
1131 2086 1322 2126 indorTlam
1348 2088 1489 2127 dixeris
1505 2119 1517 2137 ‚
1566 2089 1658 2136 qvin

84 2141 257 2184 dentium
275 2169 288 2187 ‚
339 2137 397 2175 vel
415 2138 651 2176 exl'ertorum
669 2168 680 2185 ‚
735 2140 842 2175 ulum
859 2138 896 2176 ἃ
919 2137 1088 2176 valorem
1108 2140 1258 2175 noverit
1274 2168 1286 2187 ,
1346 2151 1386 2176 ut
1410 2141 1536 2189 potius
1559 2138 1657 2176 inte-

87 2203 149 2242 gra
180 2186 349 2228 animalia
371 2201 441 2226 una
474 2200 561 2226 cum
587 2186 765 2226 dentibus·
786 2201 890 2226 terrae
912 2188 1145 2226 mandaverit
1161 2218 1172 2235 ,
1224 2200 1313 2225 cum
1334 2188 1538 2227 secundum
1559 2186 1655 2227 Plim

85 2242 134 2281 H.
149 2238 289 2279 N-Lib.
317 2239 519 2287 V111.cap.
542 2239 587 2276 X
609 2238 646 2276 ἃ
663 2240 699 2275 in
718 2241 899 2276 extremis
917 2236 1070 2286 Africae,
1103 2250 1171 2286 qva
1195 2238 1354 2276 confinis
1366 2237 1563 2289 AEthiopia’
1583 2239 1655 2285 est,

87 2291 145 2330 vel
163 2291 325 2342 poslium
343 2291 466 2326 vicem
489 2291 527 2326 in
545 2288 750 2326 domiciliis
768 2288 931 2339 praebent
948 2319 959 2336 ,
988 2288 1163 2339 sepesqve
1180 2289 1216 2325 in
1237 2290 1301 2335 iis,
1330 2290 1481 2327 testante
1497 2286 1657 2338 Polybio,-

87 2342 124 2379 ἃ
142 2353 324 2391 pecorum
348 2339 515 2386 stabulis,
566 2350 636 2388 pro
654 2338 766 2389 palis,
819 2337 1113 2388 Elephantorum
1132 2337 1306 2376 dentibus
1326 2338 1440 2382 fiunt3
1492 2337 1557 2377 nifi
1572 2337 1653 2376 for-

86 2392 124 2431 te
142 2390 290 2440 credas,
342 2389 446 2439 qvod
458 2401 543 2429 ante
562 2388 749 2429 diluvium
769 2389 808 2427 in
823 2391 931 2428 terris
944 2387 1166 2427 Borealibus
1190 2388 1390 2440 Elephanti
1405 2387 1656 2478 fuerimffn*

100 2460 102 2462 v
247 2447 251 2463 ³
1579 2450 1654 2478 itu-
