2139 3022
652 189 734 232 Jes'fi
837 189 881 238 ss
977 189 1064 231 ’ἓξὲξ
1584 205 1636 242 99

84 293 150 333 fito
167 293 203 332 ἃ
219 290 400 340 edentulo,
428 291 596 331 dentium
613 290 701 329 loco
718 291 818 339 sunt,
846 289 979 341 quibus
1002 288 1116 328 cibum
1134 289 1317 339 dtffindit,
1338 290 1535 340 quemalia
1555 294 1632 336 ani-

82 344 189 384 malia
217 343 415 382 molaribus
438 339 648 390 masticando
670 341 913 390 consumunt,
948 339 1146 379 Narwhalis
1166 354 1255 379 vero
1266 342 1437 391 filgendo.
1504 342 1632 381 Sicubi

83 395 216 434 dentur
231 396 420 432 varietates
436 393 545 441 hujus
563 391 669 442 pilcis
687 394 794 429 Serrae
804 422 815 440 ,
843 389 1039 429 neceffario
1056 392 1209 437 ejusdem
1226 390 1293 430 fint
1307 402 1466 439 natum,
1494 392 1632 432 etiamfi

82 445 199 495 aliqua
216 443 344 483 forma·
361 444 563 482 differentia
577 440 635 480 vel
653 443 809 479 mixtura
826 441 941 492 pisces
957 443 1051 479 inter
1068 441 1103 479 se
1120 442 1330 480 viderentur
1349 441 1489 481 diversi.

291 498 347 533 111.
373 494 563 533 XIPHIAS
584 491 655 530 five
679 491 860 536 Gladius;
887 493 969 541 quia
987 493 1154 540 antiquis
1168 506 1214 530 ex
1231 492 1306 531 hoc
1323 506 1456 542 genere
1473 506 1550 531 non
1566 493 1631 533 nifi

83 548 188 586 unica
206 545 343 597 species
359 557 444 582 cum
459 544 608 593 ancipiti
624 541 748 592 gladio
765 544 912 592 cognita
929 540 1019 591 fuit,
1047 543 1151 590 cujus
1167 542 1322 592 figuram
1338 544 1422 581 vide
1440 544 1536 594 apud
1552 542 1631 583 Sal-

83 600 228 636 vimmm
246 597 281 634 ἃ
300 592 594 643 ΨίίΙιιξ·Ι]Ι)ιῑ]ἰυη,
621 593 666 632 ab
684 592 749 631 illo
769 592 901 631 melius
918 592 1119 644 descriptus
1138 606 1248 642 quam
1263 592 1395 644 pistus.
1448 594 1507 632 Est
1524 595 1631 645 piscis

83 645 288 689 mandibula
298 644 489 696 fitperiore
509 647 548 682 in
568 643 725 682 rostrum
744 643 905 681 notabile
921 653 1080 682 exeunte
1092 674 1102 691 ‚
1130 643 1211 694 plus
1227 646 1352 682 minus
1365 646 1631 695 acuminatum,

82 699 262 748 inferiore
283 695 405 744 brevi,
432 693 658 745 triangulari,
685 693 860 743 exqmfite
882 704 1092 732 mucronata
1106 707 1120 735 ;
1149 693 1427 745 cartilagineu53
1462 707 1530 745 pro
1554 709 1631 745 quo

83 749 120 788 ὅ(
137 762 155 787 a
180 745 414 796 Willug-hbejo
430 746 662 796 agnoscitur3
690 745 802 795 pedes
820 746 956 794 decem,
984 744 1086 793 quod
1103 744 1233 793 iciam,
1261 757 1338 783 non
1362 745 1557 796 superans;
1593 748 1631 784 in

81 800 213 838 ordine
237 796 432 847 acipetfiri
456 795 652 846 aliquando
679 795 883 834 duodecim
907 794 1020 846 pedes
1048 794 1087 833 su
1117 797 1231 833 eranti
1286 797 1477 840 roximus3
1517 798 1631 835 cauda

82 843 334 898 Thynr'lorum
359 845 544 897 infigniter
566 844 714 895 lunata,
746 845 934 890 verticali3
976 844 1084 884 branc
1116 847 1226 895 iatus,
1259 808 1445 885 granchiis
1467 850 1608 896 apertis
1616 861 1632 890 ;

82 902 186 948 cujus
204 897 408 938 mandibula
425 898 590 948 ihperior
604 897 653 935 est
671 896 842 947 proceffits
859 895 1026 935 calvariae
1047 895 1221 947 simplex,
1248 906 1308 935 aut
1332 898 1369 934 in
1392 895 1552 936 formam
1573 897 1632 936 vel

27 961 33 965 ·
75 950 197 1001 gladii
217 950 408 999 ancipitis,
436 947 529 997 lati,
558 947 676 998 plani,
704 952 875 997 utrinque
900 946 1081 996 aequaliter
1106 945 1235 998 politi,
1262 946 1319 986 vel
1343 947 1389 985 ad
1415 946 1633 987 inferiorem

81 1011 221 1052 partem
239 1001 353 1038 cavati
376 1001 414 1037 in
431 999 616 1048 superiore
633 1000 812 1047 convexi,
839 997 896 1036 vel
913 996 1081 1048 angulati
1106 998 1383 1047 (Qublzfflt'nge)
1409 1001 1521 1036 autin
1538 998 1633 1049 figu-

81 1065 157 1090 ram
174 1051 284 1102 gladii
306 1048 551 1100 triangularis
568 1047 625 1087 vel
642 1051 811 1100 paratorii
838 1048 1122 1097 (ffroszfflinge)
1151 1047 1349 1098 producta,
1375 1062 1555 1098 nunquam
1579 1059 1633 1088 te-

80 1101 281 1141 retiusculae
304 1101 437 1151 figurae.
503 1099 718 1138 Mandibula
742 1100 902 1147 inferior
927 1099 1133 1137 constanter
1156 1100 1195 1136 in
1218 1112 1358 1138 conum
1383 1100 1632 1139 acutissimum

81 1155 177 1202 exit,
205 1153 303 1202 apice
321 1153 386 1190 suo
405 1150 448 1189 ad
467 1149 675 1202 processum
694 1148 968 1200 gladiilormem
992 1149 1080 1200 pisci
1104 1151 1296 1188 terminum
1318 1150 1430 1188 riam
1454 1150 1490 1187 δι
1513 1150 1632 1189 hiatus

83 1203 293 1253 describens.
346 1201 519 1240 Medium
543 1200 677 1240 ristun]
701 1201 737 1239 ὅ(
762 1200 905 1238 hiatum
931 1202 1025 1237 inter
1044 1209 1243 1249 utrumque
1266 1213 1308 1238 os
1332 1199 1419 1239 bona
1435 1200 1507 1248 fita
1524 1211 1632 1250 parte

82 1264 267 1305 occupant
291 1252 483 1291 cerebrum
509 1261 615 1301 atque
638 1250 739 1290 oculi
766 1251 860 1301 (vid.
884 1252 1042 1300 Czfflmz).
1102 1250 1255 1300 Reliqua
1279 1250 1390 1289 habet
1413 1264 1501 1289 cum
1525 1252 1634 1291 Priste

82 1306 311 1344 communia.

289 1356 416 1393 Praeter
431 1354 602 1402 Hannaei,
629 1351 905 1392 Schelhammeri
913 1352 998 1402 (h),
1025 1352 1251 1391 Hartmamzi
1264 1352 1300 1391 ἃ
1317 1351 1636 1402 Schrotenhergeri

82 1406 215 1456 figuras
241 1407 302 1454 (ut
322 1404 509 1443 Guebucu
533 1405 707 1454 Marggr.
733 1403 779 1443 de
803 1417 878 1452 quo
903 1404 1026 1454 supra,
1053 1404 1212 1451 taceam)
1240 1413 1397 1452 quatuor
1411 1404 1634 1454 Xiphiarum

82 1459 269 1495 varietates
290 1455 400 1505 Miffu
419 1458 476 1493 IV.
495 1457 533 1493 in
549 1459 715 1492 medium
734 1455 914 1504 produxi,
943 1466 1058 1491 omnes
1073 1464 1239 1492 accurate
1258 1452 1378 1504 pie'ios
1394 1454 1430 1492 ἃ
1447 1454 1633 1492 sufficien-

81 1517 136 1545 ter
153 1507 366 1556 descriptos
421 1507 479 1543 Sic
499 1506 682 1543 minimmn
705 1504 795 1543 ocsto
811 1504 953 1555 gladios
968 1503 1156 1555 expolitos
1172 1514 1353 1542 tenemus.
1408 1507 1490 1542 Tot
1505 1518 1633 1543 exem-

82 1557 140 1610 pla
159 1557 322 1595 sufficere
341 1555 498 1606 possunt,
522 1566 561 1594 ut
577 1555 674 1594 redte
698 1557 903 1593 ratiocinari
920 1554 1038 1603 liceat,
1057 1553 1178 1604 plures
1193 1553 1255 1593 etfi
1273 1554 1405 1593 dentur
1421 1553 1632 1593 Gladiorum

83 1607 139 1646 vel
159 1608 296 1658 species
313 1605 370 1644 vel
385 1609 591 1655 varietates,
618 1619 734 1644 omnes
749 1616 869 1643 tamen
891 1616 1055 1643 naturam
1080 1618 1276 1654 moresque
1300 1603 1439 1643 illorum
1463 1606 1563 1654 sequi
1580 1616 1632 1644 te-

84 1659 183 1706 neri,
209 1657 430 1705 ommiumque
451 1656 630 1696 Calvarias
655 1656 858 1707 superiores
877 1655 1106 1693 mandibulas
1124 1654 1188 1693 fibi
1205 1655 1337 1693 habere
1354 1666 1549 1705 commas,
1577 1658 1633 1694 in-

83 1707 281 1747 ferioribus
300 1706 509 1757 longiores,
539 1709 575 1744 in
593 1707 749 1745 Gladios
767 1705 959 1755 videlicet,
988 1719 1064 1744 non
1088 1708 1125 1743 in
1149 1705 1272 1755 Palos,
1301 1705 1371 1745 five
1394 1708 1547 1756 Conos,
1575 1705 1631 1745 vel

83 1759 211 1797 dentes
227 1757 418 1806 elongatos
435 1766 496 1795 aut
515 1759 551 1795 in
569 1759 717 1797 Cornua
737 1759 860 1795 teretia
878 1755 947 1794 five
967 1756 1085 1803 torosa
1103 1755 1171 1795 five
1187 1755 1290 1795 laevia
1312 1755 1520 1807 productas.
1574 1761 1632 1795 In-

28 1807 30 1809 ’
83 1819 223 1848 ternam
251 1806 464 1846 structuram
488 1808 596 1846 rostra
622 1807 765 1858 Xiphiae
789 1808 824 1846 ἃ
849 1808 966 1846 Pristis
982 1838 993 1857 ,
1027 1821 1074 1845 ex
1098 1818 1219 1846 natura
1242 1807 1438 1846 amborum
1463 1808 1632 1859 piscium,

83 1871 330 1899 communem
353 1857 508 1908 habent,
536 1857 740 1897 nullatenus
751 1855 960 1908 fiaelstmztiae
984 1856 1162 1908 eburneae,
1191 1871 1268 1907 quae
1293 1858 1342 1896 est
1369 1860 1552 1896 unicornu
1574 1858 1632 1897 vel

83 1910 330 1949 rhinocerotis
347 1910 498 1958 marini,
525 1911 613 1958 quin
632 1911 755 1960 potius
767 1908 930 1959 gladium
954 1911 991 1946 in
1011 1908 1169 1947 modum
1185 1911 1294 1947 cunei
1320 1911 1450 1959 (prout
1471 1908 1633 1958 loquitur

85 1962 215 2008 Cujus)
250 1969 410 2010 occupet
434 1962 581 1998 materia
607 1959 771 2009 quaedam
795 1961 904 2008 ruffa,
932 1959 1087 2008 certefh,
1123 1962 1198 1998 NB.
1224 1960 1450 2010 pinguedine
1475 1961 1632 2009 quadam

84 2010 282 2059 uxffluolb,
311 2009 438 2048 medio
456 2009 575 2048 modo
592 2011 626 2048 le
643 2008 781 2048 habens
803 2012 901 2049 inter
923 2012 1050 2049 durum
1067 2010 1106 2049 Εἴ
1120 2007 1231 2059 molle,
1259 2009 1427 2059 friabilis,
1455 2012 1501 2048 ita
1520 2020 1559 2048 ut
1577 2010 1632 2048 di-

84 2063 169 2111 gitis
187 2059 292 2099 facile
310 2059 510 2108 deteratur,
538 2062 740 2099 intertextis
765 2061 985 2110 quibusdam
1008 2060 1232 2100 membranis
1258 2062 1493 2099 continentiae
1517 2061 1631 2100 caula.

84 2114 130 2150 Et
148 2109 264 2161 quidsi
280 2113 390 2149 etiam
407 2108 521 2157 rostra
539 2110 683 2162 Xiphiae
699 2111 735 2149 ὁ(
753 2112 870 2150 Pristis
888 2110 1019 2161 duplici
1041 2114 1162 2163 pervia
1181 2110 1248 2149 fint
1264 2111 1468 2160 foramine,
1496 2112 1632 2150 exinde

85 2171 208 2200 tamen
231 2174 308 2200 non
333 2160 562 2211 sequeretur,
595 2162 743 2200 Pristem
771 2175 856 2200 cum
886 2163 1023 2200 Gladio
1051 2161 1252 2211 confundi,
1286 2161 1345 2201 vel
1372 2160 1491 2200 ambos
1517 2162 1633 2213 pisces

86 2226 174 2251 cum
187 2211 394 2261 Narwhale,
422 2210 446 2250 fi
466 2211 661 2251 Narwhalis
678 2211 944 2262 alteraffiecies
959 2211 1064 2251 fimili
1082 2213 1256 2263 gauderet
1274 2211 1457 2254 foramine
1473 2212 1632 2264 duplici3

87 2276 156 2301 nec
177 2263 396 2312 sequeretur,
424 2262 526 2312 quod
542 2263 685 2314 Xiphiae
701 2274 761 2301 aut
776 2264 893 2302 Pristis
911 2264 1019 2302 rostra
1036 2277 1102 2302 non
1106 2262 1184 2312 sint
1201 2262 1428 2311 enfflormia,
1455 2262 1530 2301 vel:
1558 2264 1632 2301 dari

88 2313 244 2351 Gladios
259 2312 561 2352 circumferentiae
575 2312 697 2352 ovalis.
752 2317 888 2352 Nonne
903 2314 1105 2365 vapularet,
1133 2316 1194 2363 qui
1212 2312 1491 2352 Belemnitarum
1508 2314 1634 2352 Saevi-

88 2376 206 2402 corum
229 2366 413 2414 originem
431 2377 522 2403 mox
539 2364 754 2404 derivaverit
771 2379 816 2404 ex
833 2378 949 2403 cornu
972 2377 990 2403 a
1011 2368 1084 2404 Dn.
1100 2362 1258 2404 Baeclzio
1283 2368 1321 2405 in
1337 2364 1407 2405 tab.
1423 2368 1484 2404 IV.
1507 2363 1533 2404 f.
1552 2378 1581 2402 1.
1579 2377 1633 2454 ὦ

854 2418 889 2455 Ν
918 2428 939 2455 2
1530 2428 1576 2454 ex
1610 2416 1637 2446 '-
