2139 3022
433 219 541 260 PER
564 216 912 261 PULMONES
943 216 1364 261 SPIRANTIBUS.
1613 223 1683 275 J?

771 336 775 338 -
794 317 827 369 ς.
861 318 976 356 xvii.
1184 353 1186 356 ,

201 377 399 420 Auxilium
418 377 455 417 Gt
476 375 727 416 commodum
747 375 848 415 haud
865 375 954 428 laevc
979 375 1139 428 piscium
1159 374 1322 418 historiae
1347 378 1505 420 naturali
1527 378 1674 433 praestai

101 440 208 479 rent,
257 432 326 479 qvi
347 429 547 468 autoritate
567 425 712 478 pollent
729 427 768 464 in
792 427 1189 477 SOCIETATIBUS,
1238 428 1285 467 ad
1312 429 1469 470 Balaenas
1495 432 1534 470 in
1560 432 1672 470 usum

101 478 427 520 commerciorum
469 476 653 516 venandas
671 505 683 525 ‚
753 475 964 516 multorum
1008 476 1185 516 locorum
1225 480 1377 519 INITIS
1395 510 1408 529 ‚
1465 478 1581 520 ficubi
1610 479 1674 520 vel

97 525 306 582 Chirurgiae
316 525 541 577 emtoribus,
569 528 632 575 qvi
649 537 738 564 cum
759 525 928 572 classibus
951 527 1131 565 venaticis
1147 539 1347 568 excurrere
1363 529 1509 580 solent,
1544 530 1672 579 injun-

101 592 254 632 gerent,
280 579 410 629 qvidni
420 578 534 616 etiam
545 576 756 615 constitutis
766 578 927 626 praemiis
942 576 1099 616 eosdem
1108 575 1300 617 allicerent
1311 609 1323 628 ‚
1351 590 1392 619 ut
1400 582 1534 619 attenti
1546 579 1615 620 fint
1631 581 1673 620 in

103 631 222 682 pisces
244 629 310 670 libi
336 628 492 676 obvim,
545 627 716 677 inprimIs
736 625 822 665 illos
839 639 887 665 ex
904 625 1044 666 familia
1060 625 1289 666 Balaenarum
1304 629 1434 668 sedulo
1450 630 1673 675 observent3

104 691 146 719 ut
165 682 351 720 rationem
367 676 528 716 habeant
556 676 767 715 eorundem
796 677 1095 726 magnitudinis3
1143 676 1272 716 fissurae
1294 678 1333 717 ὅτ
1358 679 1545 720 ίὶτυέὶυτκ
1571 682 1675 726 oris;

100 728 190 771 situs
207 729 413 777 formaeqve
431 725 554 766 fistulae
574 737 752 764 extremae
771 739 782 771 3
834 725 957 766 dorii:
1006 739 1054 766 an
1068 727 1266 777 pinnatum
1284 727 1326 768 fit
1342 729 1401 768 vel
1422 732 1577 781 apione,
1611 730 1673 770 lae-

104 793 152 819 ve
171 779 229 818 vel
243 777 463 830 gibbosum3
513 788 560 816 an
573 775 640 814 fint
656 775 819 825 dentati,
868 789 939 816 nec
957 788 1006 814 ne
1027 790 1040 821 3
1091 776 1216 826 qvales
1233 776 1303 817 fint
1331 778 1493 821 dentes?
1543 783 1674 821 secum

103 830 235 869 Iumtis
253 859 266 878 ‚
314 840 364 867 ex
381 825 530 877 lingulis
546 825 710 879 piscibus
727 856 740 875 ‚
791 825 941 866 duobus
966 824 1026 865 vel
1042 825 1162 865 tribus
1181 827 1332 879 paribus
1352 829 1502 869 diversa:
1526 832 1674 881 magni·

96 878 246 926 [tudinis
259 877 297 917 Gt
312 877 487 917 craffitiei
506 906 518 925 ‚
554 882 613 916 vut
637 876 674 914 <Si
694 877 790 914 inter
806 877 844 914 le
865 906 876 926 ‚
929 877 967 917 ἃ
989 888 1078 915 cum
1094 876 1175 916 aliis
1193 878 1369 919 dentibus
1393 878 1560 919 conferri
1585 881 1674 932 pos-

103 929 205 974 fint3
264 927 437 978 qvalibus
459 927 575 976 virgis
605 925 664 964 vel
688 925 835 965 laminis
859 927 1008 966 corneis
1037 926 1219 966 instruc‘iae
1252 928 1321 968 fint
1343 930 1494 969 diver-[te
1525 930 1673 970 Balaenae

104 976 286 1018 edentulae
299 991 315 1022 ς
369 989 419 1016 an
441 976 678 1016 numerandae
694 1007 706 1025 ‚
757 976 795 1016 ὅ(
809 988 901 1026 qvot
921 977 935 1017 ?
984 989 1029 1016 an
1046 977 1212 1027 qvaedarn
1235 980 1385 1030 virgatae
1403 980 1564 1020 habeant
1581 981 1675 1019 den-

104 1039 182 1078 teS,
232 1026 432 1077 divales?
485 1039 562 1075 qvae
585 1026 816 1075 differentia,
865 1027 912 1066 ab
933 1038 1086 1067 externa
1111 1025 1234 1068 forma
1266 1029 1522 1082 desumenda,
1570 1030 1675 1069 obti-

104 1090 190 1119 neat
208 1080 306 1118 inter
321 1089 466 1118 marem
481 1077 518 1116 ὅ(
535 1075 744 1118 feminam?
795 1076 851 1127 ὅτ,
904 1078 1007 1128 qvod
1023 1078 1071 1117 ad
1092 1080 1306 1118 mensuram
1321 1083 1454 1121 attinet
1471 1111 1485 1132 ‚
1535 1079 1673 1132 qvalis:

333 1176 376 1228 ι)
423 1174 471 1216 ab
485 1177 565 1215 oris
582 1186 756 1215 extremo
774 1175 820 1215 ad
840 1187 968 1216 ortum
986 1178 1187 1229 pinnarum
1203 1176 1438 1222 lateralium?

330 1230 378 1275 2)
425 1239 445 1266 a
470 1228 594 1277 pinnis
613 1226 662 1265 ad
684 1227 819 1267 anum?

333 1279 379 1329 3)
427 1276 472 1316 ab
488 1289 560 1315 ano
576 1276 623 1314 ad
641 1277 809 1315 medium
827 1289 1004 1316 extrcmae
1023 1276 1170 1317 caudae?

331 1328 381 1375 4)
430 1327 475 1366 ab
488 1338 665 1365 extremo
680 1328 757 1365 oris
774 1328 821 1366 ad
847 1327 1003 1366 fistulam
1022 1330 1060 1366 in
1076 1328 1226 1367 summo
1251 1325 1399 1379 capite?

333 1379 381 1428 5)
430 1389 450 1416 a
470 1375 585 1415 fistula
601 1376 648 1415 ad
664 1377 829 1415 radicem
873 1380 965 1415 innae
990 1377 1143 1416 dorsalis
1158 1377 1398 1419 antrorsum?

330 1428 380 1476 6)
427 1439 447 1466 a
461 1426 604 1466 radice.
628 1427 722 1465 innae
738 1426 843 1466 dorsa
860 1429 891 1466 is
908 1428 1113 1467 retrorliim
1135 1428 1183 1467 ad
1203 1427 1370 1467 mediam
1391 1425 1575 1470 caudam?

301 1516 304 1519 ,
333 1479 382 1526 7)
431 1490 509 1526 qvae
526 1475 567 1515 fit
581 1489 600 1515 a
617 1476 741 1515 titudo
758 1479 877 1528 pinnae
894 1477 1071 1518 dorlalis?

333 1528 381 1578 8)
430 1539 560 1566 utrum
584 1528 696 1577 pinna
723 1527 909 1575 aeqvaliter
933 1527 1166 1579 triangularis
1183 1558 1196 1579 ,
1245 1540 1296 1568 an
1315 1527 1477 1579 figuram
1499 1528 1675 1570 incurva-‘

514 1587 594 1615 tam
616 1575 773 1616 habeat?

334 1625 381 1675 9)
432 1638 510 1675 qvae
527 1624 648 1665 forma
671 1625 712 1665 fit
729 1626 872 1676 caudae,
922 1639 968 1665 au
987 1626 1137 1676 falcata,
1186 1639 1234 1666 an
1256 1627 1404 1667 lunata?

314 1677 381 1726 ιο)
431 1687 566 1726 qvanta
582 1675 624 1716 fit
641 1676 799 1715 latitudo
814 1676 938 1716 caudae
955 1677 1001 1718 ab
1019 1691 1089 1718 una
1110 1679 1348 1717 extremitate
1362 1677 1411 1717 ad
1426 1676 1604 1721 alteram?

109 1775 173 1814 An
187 1771 298 1830 piscis
313 1776 425 1827 pinna
440 1776 572 1814 'careat
596 1774 758 1814 dorsali?
809 1787 854 1813 an
878 1774 1002 1825 gibbis
1028 1776 1086 1814 vel
1113 1776 1224 1815 nodis
1245 1775 1320 1817 five
1347 1778 1386 1815 in
1414 1776 1553 1827 dorso,
1601 1776 1677 1818 five

111 1824 220 1876 plicis
242 1835 281 1860 m
300 1837 431 1864 ventre
454 1824 495 1864 fit
518 1825 675 1865 notata?
726 1827 899 1874 Deniqve
917 1856 928 1874 ,
985 1839 1061 1875 qvo
1085 1829 1242 1866 nomi-ne
1257 1827 1442 1879 {specifico
1466 1828 1678 1868 constanter

111 1874 296 1912 veteranis
312 1877 351 1913 in
371 1888 448 1916 arte
467 1877 633 1914 venatica
649 1874 976 1914 commilitonibus
998 1875 1195 1923 familiari,
1246 1876 1392 1928 fingulae
1415 1876 1561 1916 Balaenae
1585 1890 1677 1928 gau-

113 1922 248 1963 deant?
299 1925 370 1964 &c.
447 1927 504 1963 Ex
530 1925 719 1974 ejusmodi
748 1925 934 1964 lebedulis
956 1927 1240 1966 memorialibus
1262 1926 1427 1966 multum
1452 1929 1679 1968 incrementi

113 1984 263 2025 caperet
291 1975 455 2015 historia.
556 1975 692 2014 Forsan
722 1974 758 2014 ἃ
781 1974 1031 2015 humanarum
1059 1977 1317 2016 necessitatum
1346 1977 1560 2018 intereffent
1585 1978 1677 2018 tales

114 2023 420 2072 observationes;
475 2025 648 2064 nondum
671 2026 773 2063 enim
796 2038 853 2064 res
879 2038 925 2063 ex
955 2026 1051 2065 edita
1077 2029 1152 2076 est,
1205 2039 1341 2068 omnes
1371 2026 1680 2068 utilitatesBalae-

115 2085 249 2113 narum
282 2074 424 2115 absolvi
452 2074 572 2114 tribus
599 2075 817 2114 commodis
849 2075 906 2114 val
937 2089 957 2114 e
984 2077 1165 2126 proficuis
1183 2107 1195 2124 ,
1251 2076 1453 2117 videlicet:
1513 2079 1680 2118 Laminis

114 2124 273 2172 corneis,
328 2124 542 2174 Fischbein,
590 2124 731 2175 Anglis.
782 2124 1102 2178 Whale-Bones,
1152 2125 1281 2166 Gallis.
1308 2128 1364 2166 Os
1379 2127 1426 2166 de
1446 2127 1681 2168 Baleine—

115 2172 199 2213 Oleo
213 2174 349 2225 craſjo,
399 2174 534 2213 Trahn
575 2195 645 2206 ·—-
673 2175 919 2225 &Spermate
940 2178 1012 2215 ceti
1036 2189 1083 2216 ex
1106 2176 1263 2216 cerebro
1282 2178 1442 2227 pilcium
1456 2208 1468 2227 ,
1520 2178 1624 2228 qvod
1643 2178 1682 2218 ὅ(

115 2236 165 2263 ex
180 2222 261 2263 aliis
278 2224 444 2276 partibus
460 2224 618 2276 adipofis
633 2227 828 2276 praeparari
843 2227 964 2276 potest
1008 2228 1060 2273 a).
1162 2228 1373 2277 Experiaris
1389 2225 1492 2267 Ebur
1507 2230 1682 2277 dentium,

116 2272 242 2323 qvoad
259 2286 380 2326 partes
404 2274 567 2320 solidas;
624 2274 819 2314 sollicitius
846 2275 990 2324 iudices
1014 2276 1061 2315 de
1089 2276 1314 2327 visceribus,
1364 2289 1455 2317 cum
1475 2290 1598 2328 neqve
1623 2280 1682 2317 vi-

114 2324 218 2362 scera
234 2324 291 2363 vel
305 2324 477 2376 vulpium
497 2324 563 2363 usu
580 2326 739 2363 omnino
755 2337 893 2364 carent.
995 2327 1171 2365 Tandem
1189 2327 1225 2366 ἃ
1246 2326 1393 2366 erudite
1417 2329 1570 2368 curiosis
1601 2330 1683 2380 pari

118 2375 352 2416 obtervantia
377 2374 415 2415 δι
441 2374 579 2417 fiducia
604 2375 918 2417 commendamus
937 2406 950 2425 ,
1007 2377 1212 2429 dignentur*
1235 2377 1317 2420 data
1343 2377 1538 2420 occafione
1554 2409 1565 2428 ‚
1617 2378 1684 2418 ubi

918 2427 973 2467 *C
1516 2426 1686 2482 naufragi
