2139 3022
461 236 511 276 34

789 225 1036 266 PisCIUM
1071 224 1396 265 BRANcHnS
1423 196 1689 264 APER'TIS.

673 329 738 359 nihil
755 329 933 370 longitudine
951 327 1091 358 differunt.
1145 330 1320 367 Luciopercae
1343 325 1439 357 dentes
1459 327 1611 358 ordinatim
1633 327 1770 367 dispositi,
1791 328 1883 360 versus
1900 329 2035 360 interiora

676 386 732 413 oris
747 384 865 416 incurvi,
889 385 1080 423 primoresque
1099 383 1209 422 reliquis
1228 384 1363 421 majores,
1390 383 1418 411 in
1435 385 1513 412 Perea
1531 382 1558 411 8(
1577 385 1687 412 Cernua
1701 382 1756 412 sine
1772 383 1870 413 ordine
1885 382 2035 416 distributi,

673 433 848 468 creberrimi,
869 436 951 468 reffi,
973 437 1092 465 minimi.
1155 439 1186 465 ln
1208 435 1321 476 singuiis
1343 436 1384 465 his
1405 435 1544 475 speciebus
1561 434 1659 477 palan'
1679 436 1801 467 ambitus
1821 435 1965 466 denticulis
1983 444 2036 474 pro

676 487 783 515 ratione
802 485 1002 527 magnitudinis
1019 487 1112 526 speciei
1128 486 1279 524 majoribus
1293 496 1343 516 aut
1359 489 1513 518 minoribus
1528 498 1651 520 armatus
1665 492 1712 520 eli.
1757 489 1946 520 Officuiorum
1962 498 2038 526 oper·-

677 543 741 571 cula
758 539 961 570 branchiarum
983 542 1212 570 constituentium
1229 541 1256 569 in
1273 542 1351 570 l’erca
1369 541 1396 570 ἃ»
1411 543 1520 571 Cernua
1537 541 1610 572 idem
1631 553 1762 572 numerus
1776 553 1783 571 :
1810 543 1943 571 nimirum
1958 550 2039 580 oper-

680 597 738 625 cuia
754 597 781 623 in
797 594 855 623 duo
871 595 985 624 officula
1000 593 1170 623 transversim
1187 594 1269 623 divisa
1286 593 1362 627 sunt,
1385 605 1508 634 quorum
1532 597 1666 635 posterius
1686 596 1774 625 tribus
1799 594 1925 625 coalescit
1937 613 1944 626 ‚
1963 601 2038 623 ante.

680 649 735 677 rius
758 647 904 676 ossiculum
929 648 956 676 in
979 646 1045 676 loco
1066 646 1248 676 commissurae
1270 656 1334 675 cum
1359 647 1558 685 posterioribus
1574 650 1602 677 in
1618 651 1728 678 Cernua
1745 648 1894 680 serratum,
1915 649 1943 677 iri
1959 648 2039 676 Perea

681 700 806 739 aequabili
823 701 947 740 margine
961 700 1141 727 terminatum
1157 700 1210 730 ess;
1234 699 1417 738 posteriorum
1432 697 1612 728 ossiculorum
1628 698 1747 738 superius
1763 700 1790 727 in
1803 701 1881 728 Perea
1892 720 1901 731 ,
1914 696 2039 727 medium

681 753 708 780 in
724 754 831 779 Cornua
847 750 977 789 paulatim
994 750 1021 777 in
1036 748 1188 788 processum
1203 756 1317 777 acutum
1335 747 1412 779 abin
1442 749 1618 787 Luciopercae
1640 749 1770 788 opercula
1791 748 1904 779 dnobus
1925 757 2039 789 quoque

683 802 786 832 ossibus
803 804 944 842 praecipuis
959 802 1082 833 conflant
1095 822 1104 832 ‚
1122 803 1253 830 anteriori
1271 810 1372 829 circum
1388 800 1456 828 circa
1473 798 1605 833 demam,
1625 801 1862 839 ut&poiieriori‚
1883 803 2040 831 hocautem

680 868 738 887 non
760 860 787 886 in
805 857 854 885 tria
877 854 1059 886 subdivisum,
1089 853 1129 881 sed
1153 853 1311 891 superficiali
1335 851 1420 882 mrim
1447 851 1521 881 sulco
1545 854 1572 881 in
1589 851 1657 881 duas
1673 852 1748 892 quasi
1763 860 1853 891 partes
1870 851 1972 882 sessum
1989 852 2041 883 esse

680 909 809 940 videtur,
826 907 860 947 ¹&
884 906 996 946 quidem
1020 906 1187 933 anteriorem
1209 903 1391 944 triangulam,
1418 903 1550 940 posticam
1574 911 1731 934 arcuatam,
1756 905 1847 942 primo
1873 905 2040 936 membranae

681 958 898 998 brancliiossegae
915 956 1031 986 ossiculo
1049 956 1136 985 forma
1151 957 1283 990 simile-nu
1306 957 1445 997 triangula
1461 966 1520 996 pars
1537 957 1642 997 angulo
1661 959 1768 996 postico
1785 959 1958 998 aliquantum
1973 963 2040 990 emi-

683 1018 746 1042 net,
774 1020 831 1049 quo
853 1011 879 1037 in
901 1010 965 1038 loco
988 1008 1075 1037 tribus
1098 1018 1255 1047 quatuorve
1274 1009 1423 1038 denticellis
1446 1008 1606 1038 brevissimis
1631 1010 1739 1038 munita
1761 1010 1808 1039 est.
1867 1015 1953 1040 Arcus
1975 1010 2041 1050 offii

684 1061 888 1092 &ambias-um
903 1062 1000 1102 singuli
1017 1064 1043 1091 in
1060 1064 1231 1101 Lucioperca
1246 1071 1300 1090 una
1316 1060 1378 1089 serie
1393 1060 1603 1089 tuberculorum
1622 1062 1649 1090 in
1669 1061 1809 1101 superficie
1825 1064 1912 1093 oculis
1930 1072 2041 1103 patente

685 1128 718 1146 ex
733 1125 830 1145 centro
847 1106 1017 1144 radiatorum
1036 1115 1117 1155 asperi
1138 1115 1220 1146 sunt;
1250 1115 1277 1142 in
1300 1115 1380 1142 Perea
1397 1111 1510 1141 officula
1531 1112 1699 1152 compressa,
1720 1113 1864 1153 oblonga,
1885 1125 1898 1143 e
1913 1114 1969 1144 basi
1984 1115 2044 1145 lati.

686 1169 797 1200 uscula,
826 1167 958 1206 paulatim
978 1169 1004 1196 in
1029 1168 1158 1197 obtusum
1179 1167 1283 1206 apicem
1308 1165 1460 1194 desinentia
1485 1166 1550 1193 ioco
1581 1165 1792 1196 tuberculorum
1818 1166 2038 1206 conspiciuntur,

685 1222 801 1249 interior
813 1225 940 1255 praeterea
958 1229 1035 1248 arcue-
1058 1219 1151 1259 longis
1171 1215 1265 1258 rigidis
1282 1217 1341 1256 pilis
1357 1216 1476 1245 hirsutus
1495 1216 1546 1248 ess;
1578 1226 1605 1245 at
1622 1219 1649 1246 in
1667 1220 1775 1247 Cernua
1792 1229 1840 1257 per
1854 1229 1951 1249 omnes
1965 1231 2042 1252 arcus

685 1274 786 1314 duplex
801 1273 875 1302 series
890 1272 1027 1310 ejusmodi
1041 1271 1222 1301 officuiorum
1236 1269 1361 1302 obtinet,
1380 1269 1472 1308 qualia
1487 1270 1513 1297 in
1528 1270 1607 1298 Perea
1623 1270 1755 1308 simplices
1769 1271 1844 1300 {eries
1859 1274 2041 1304 constituunt.

688 1327 810 1365 Dorfiem
833 1336 848 1353 a
872 1326 959 1363 capite
983 1326 1009 1352 in
1036 1325 1122 1353 Lucio
1137 1332 1215 1361 perca
1237 1320 1385 1353 levissime,
1409 1322 1437 1349 in
1459 1319 1577 1362 reliquis
1599 1321 1757 1351 notabiliter
1775 1321 1912 1363 adsurgit,
1941 1326 1968 1354 in
1989 1322 2043 1354 illa

686 1388 770 1418 porro
793 1375 941 1405 secundum
966 1374 1039 1404 dorsi
1062 1373 1268 1416 longitudinem
1282 1384 1296 1401 a
1313 1374 1402 1412 capite
1416 1371 1449 1401 ad
1466 1375 1634 1404 anteriorem
1649 1384 1736 1413 usque
1753 1386 1872 1415 pennam
1888 1376 1974 1406 sulcus
1987 1378 2046 1416 ple-

688 1441 805 1470 rumque
825 1429 960 1460 excurrit,
986 1429 1032 1467 qui
1057 1429 1083 1456 in
1108 1430 1187 1456 verca
1203 1425 1230 1454 &
1249 1427 1358 1453 Cernua
1379 1435 1522 1466 nunquam
1544 1425 1712 1455 observatur.
1773 1430 1804 1457 ln
1825 1429 1992 1467 Lucioperca
2014 1430 2044 1458 δε

688 1486 770 1513 Perea
785 1481 846 1510 duae
861 1481 934 1520 dorsi
948 1480 1007 1509 sunt
1019 1477 1122 1518 pinna,
1144 1482 1170 1507 in
1188 1480 1295 1506 Cernua
1313 1478 1400 1505 unica.
1454 1480 1504 1505 Hic
1521 1486 1613 1506 tamen
1631 1477 1760 1507 notabilis
1776 1481 1971 1508 convenientia
1991 1480 2042 1510 ob-

688 1533 822 1564 servatur,
849 1531 915 1560 dum
930 1528 1140 1569 radr'ispinofi,
1163 1527 1262 1566 quibus
1279 1528 1400 1556 anterior
1418 1527 1579 1566 bipennium
1597 1538 1684 1566 penna
1699 1530 1814 1561 confiat,
1831 1539 1948 1558 nurnero
1960 1533 2043 1569 aequi—

688 1584 781 1614 valent
797 1581 875 1611 radiis
894 1581 1002 1620 spinosis
1017 1583 1190 1609 Cernuarum
1201 1600 1208 1612 ,
1224 1591 1284 1618 quae
1301 1578 1522 1617 monopterygiae
1537 1579 1613 1610 sunt3
1630 1578 1701 1607 hanc
1717 1577 1940 1608 convenientiam
1958 1589 2043 1622 auget

680 1635 801 1680 spinula
817 1638 844 1665 in
862 1634 1037 1674 bipennibus,
1060 1643 1205 1673 utramque
1221 1644 1338 1673 pennam
1354 1633 1525 1661 horizontaii
1543 1632 1593 1661 sitii
1614 1630 1802 1674 interJat-ms,
1824 1644 1884 1673 quae
1906 1635 1980 1673 apice
1995 1636 2044 1665 suo

688 1689 867 1728 posteriorem
878 1686 991 1724 pinnam
1002 1685 1116 1724 respicit,
1130 1684 1158 1713 ἃ
1174 1687 1200 1714 in
1217 1684 1271 1714 basi
1289 1694 1341 1722 ope
1351 1683 1442 1711 tenuis
1451 1682 1617 1722 humilisque
1628 1682 1793 1712 membranae
1807 1686 1937 1712 anteriori
1949 1696 2045 1723 pennae

687 1753 814 1773 connexa
836 1742 880 1770 ess.
937 1740 1045 1783 Qodsi
1069 1741 1149 1778 liuJus
1169 1750 1237 1779 apex
1257 1748 1335 1768 caute
1355 1739 1382 1767 in
1398 1739 1486 1766 altum
1503 1739 1633 1779 erigitur,
1650 1746 1711 1767 tota
1723 1739 1857 1778 posterior
1874 1741 1973 1778 pinna,
1997 1750 2046 1772 aut

688 1795 774 1824 saltim
791 1794 940 1822 anteriores
957 1796 1012 1829 ejus
1030 1791 1096 1821 raclii
1113 1791 1191 1820 simul
1208 1792 1371 1831 eriguntur;
1402 1791 1608 1819 connexionem
1632 1791 1719 1830 igitur
1739 1790 1850 1829 spinula:
1873 1801 1935 1820 cum
1956 1793 2047 1831 posic-

689 1848 755 1878 riori
778 1857 868 1886 penna
888 1847 941 1883 jani
968 1843 1099 1874 recensita
1124 1843 1297 1875 observatio,
1323 1853 1386 1871 cum
1408 1843 1537 1871 anteriori
1551 1842 1670 1870 ocularis
1687 1841 1818 1880 inspec‘iio
1834 1841 2046 1880 demonstrant3

690 1911 757 1941 ergo
782 1909 897 1938 utraque
920 1900 1003 1938 pinna
1024 1908 1077 1936 ope
1100 1895 1180 1934 liuj'us
1199 1895 1308 1934 spinulae
1323 1897 1500 1924 conneffitur
1515 1905 1522 1926 ;
1553 1903 1620 1934 ergo
1637 1896 1757 1924 anterior
1771 1896 1799 1924 ἃ
1814 1896 1948 1934 posterior
1961 1899 2046 1936 pinna

689 1954 716 1982 in
740 1952 827 1981 Lucio
852 1959 932 1989 perca
955 1949 981 1977 ἃ
1003 1951 1083 1977 Perea
1105 1957 1155 1985 pro
1180 1947 1258 1976 unica
1274 1944 1317 1974 sed
1334 1946 1485 1984 interrupta
1502 1943 1594 1972 haberi
1610 1945 1730 1984 possunt.
1788 1942 1878 1973 Pinna
1900 1949 2047 1976 vennas&

689 2004 804 2044 singulae
824 2004 850 2031 in
867 2002 979 2041 singulis
994 2000 1081 2029 tribus
1098 1997 1233 2037 speciebus
1250 1998 1292 2027 sex
1308 1997 1390 2026 radiis
1405 2004 1634 2036 componuntur,
1659 2007 1782 2036 quorum
1798 1999 1918 2027 extimus
1933 1997 2047 2039 simplex

690 2058 716 2086 8<
733 2055 853 2097 rigidus,
873 2055 969 2093 reliqui
986 2052 1086 2082 ramosi
1103 2051 1171 2080 sunt.
1220 2047 1309 2079 Radii
1333 2052 1427 2079 molles
1447 2050 1607 2091 posterioris
1629 2048 1703 2089 dorsi
1717 2059 1809 2088 penna
1828 2051 1855 2080 in
1881 2051 2050 2090 Lucioperca

687 2110 714 2139 &
731 2112 810 2137 Perea
827 2116 946 2136 numero
964 2107 1084 2137 variant,
1111 2104 1203 2142 plures
1225 2111 1318 2132 tamen
1335 2101 1396 2132 sunt
1412 2104 1439 2132 in
1455 2111 1569 2141 utra-que
1587 2101 1689 2141 specie,
1708 2113 1791 2142 quam
1807 2104 1834 2132 in
1854 2105 1974 2136 Cernua;
1998 2115 2048 2134 nec

688 2160 779 2199 pinnis
794 2153 1002 2186 branchialibus
1017 2155 1044 2183 δε
1063 2152 1116 2182 ani
1128 2150 1273 2192 caudaque
1291 2162 1423 2182 numerus
1439 2150 1581 2181 radiorum
1597 2154 1742 2180 convenit.
1805 2157 1929 2193 Squamae
1951 2154 1977 2181 in
1995 2152 2047 2183 sin-

688 2212 760 2254 gulis
778 2209 914 2250 speciebus
933 2208 991 2237 satis
1005 2207 1113 2237 similes.
1166 2208 1195 2235 ln
1219 2203 1340 2233 internis
1360 2202 1491 2242 partibus
1515 2205 1590 2234 hasce
1613 2203 1779 2234 differentias
1793 2203 1947 2236 adnotavi:
1985 2208 2046 2234 Nu,

689 2271 779 2291 merus
801 2259 934 2289 loboruin
959 2254 1068 2296 hepatis
1089 2255 1230 2287 diversus3
1259 2252 1330 2283 Lien
1347 2254 1374 2282 in
1393 2256 1565 2293 Lucioperca
1581 2253 1608 2282 δε
1627 2256 1705 2283 Perea
1720 2253 1863 2294 oblongus
1878 2254 2044 2294 triangulus,

686 2314 715 2341 in
731 2314 838 2340 Cernua
853 2308 1008 2342 rotundus,
1038 2305 1214 2346 compressus.
1269 2303 1442 2344 Appendices
1464 2302 1551 2344 pylort'
1576 2306 1603 2332 in
1626 2306 1796 2344 Lucioperca
1823 2302 1881 2334 sex,
1909 2312 1959 2331 ricc
1981 2313 2043 2332 raro

685 2362 805 2400 septem,
827 2362 854 2389 in
871 2361 979 2398 reliquis
1004 2368 1057 2389 tres
1081 2366 1200 2388 tantum.
1257 2354 1350 2393 Vefica
1373 2356 1460 2382 aerea
1485 2356 1511 2383 in
1541 2355 1710 2392 Lucioperca
1733 2352 1842 2390 biceps,
1866 2352 1894 2380 in
1914 2353 1993 2381 Perea
2014 2361 2045 2379 ac

682 2415 790 2444 Ceriiua
812 2411 943 2452 superiori
965 2421 1092 2442 extremo
1114 2409 1194 2439 scroti
1216 2407 1310 2437 formis
1327 2413 1448 2435 tantum.
1497 2405 1621 2444 Veficulae
1637 2403 1809 2445 stminalcs,
1833 2414 1894 2444 qua:
1907 2405 1935 2433 in
1952 2404 2043 2432 Lucio

1961 2461 2045 2491 perca
