2139 3022
409 234 520 276 PER
554 232 890 274 PULMONES
927 229 1347 273 SPIRANTIBUS.
1613 246 1667 286 25

195 334 318 376 Pinnae
339 332 506 374 laterales
533 332 651 384 longae
674 332 720 371 16
768 329 832 370 oll.

531 383 610 422 latae
634 395 679 421 10
697 393 747 433 po
764 381 785 420 l.

196 435 312 476 Pinna
332 433 487 473 dorsalis
506 435 697 472 incurvata
721 434 760 470 in
778 429 850 470 bafi
881 442 924 481 13
948 429 1040 483 poll.
1636 448 1639 452 ·
1662 466 1665 479 ³

396 486 484 534 Ejus
502 482 702 533 longitudo
725 481 773 570 api
810 481 951 552 angulo
968 511 981 530 ‚
1039 481 1105 531 qvi
1127 480 1341 523 antrorsum
1366 482 1415 523 ad
1442 483 1590 524 exitum
1617 487 1670 532 ¹8

722 544 748 571 o
777 560 786 569 .
803 544 898 579 *cum
915 555 947 579 Ξ.

198 584 325 624 Cauda
344 583 498 623 dimidia
521 580 671 634 12⁴poll.
696 545 720 584 P
1725 607 1752 630 ,ι

198 635 383 675 Craffities
397 634 515 673 medii
529 634 702 684 corporis
720 644 741 671 2
745 643 769 683 5
789 629 880 683 poll.
901 642 990 669 cum
1009 631 1025 676 ξ
1041 643 1052 675 3
1104 641 1285 681 qvatenus
1307 634 1490 674 nimirum
1503 645 1524 674 a
1539 631 1664 686 pistu-

300 686 353 724 ra'
368 684 514 724 desumi
533 684 720 735 potuitjn
748 684 845 721 linea
868 680 967 720 resta
997 680 1241 721 transversali.

776 780 987 831 §.xxxa
1755 799 1773 823 s

199 841 375 884 Dentium
393 843 536 884 radices
555 845 592 882 in
610 841 694 894 ipfis
712 843 875 893 gingivis
890 841 1031 881 haerent
1049 851 1343 896 transparentes,
1392 856 1470 884 non
1487 845 1526 884 in
1539 844 1668 884 alveo..
1671 879 1697 906 Τ
1715 858 1758 907 br

101 893 148 932 lis
167 892 239 933 five
253 894 438 944 Phatuiis,
492 904 606 946 prout
624 892 752 931 videre
780 893 829 931 est
867 890 956 931 Tab.
984 893 1013 931 Ῑ.
1031 905 1066 931 n.
1083 894 1105 931 Ι
1112 894 1159 931 1.-
1243 896 1286 933 In
1311 895 1496 946 superiori
1519 888 1712 950 mandi-'N'
1733 896 1772 950 if,

101 942 187 982 bula
223 946 342 984 cranii
366 944 542 984 delineati
573 945 853 983 numeravimus
877 944 928 992 96
956 972 968 991 ,
1041 943 1080 981 in
1105 941 1286 983 inferiore
1313 957 1396 996 903
1457 947 1497 984 in
1523 947 1669 984 summa
1701 942 1708 951 '

101 995 338 1033 CLXXXVI.
492 993 681 1034 Falluntur
711 991 939 1044 plurimum,
991 994 1055 1041 qvi
1083 993 1173 1032 tales
1190 994 1263 1033 effe
1279 1005 1408 1046 putant
1425 995 1640 1046 Delphinos
1653 1024 1667 1044 ‚

101 1044 269 1094 repando
294 1044 408 1084 dorso
445 1045 623 1084 incurvos
659 1055 769 1092 atqve
790 1043 975 1091 inflexos,
1026 1043 1151 1092 qvales
1174 1046 1213 1082 in
1236 1046 1396 1094 antiqvis
1414 1045 1669 1084 marmoribus

101 1093 140 1132 ἀ
161 1095 405 1134 Numismatis
421 1094 592 1146 depidio's
612 1093 742 1132 vident
755 1123 767 1143 ‚
818 1104 932 1145 prout
956 1104 1090 1131 monet
1114 1092 1293 1133 Bellonius
1309 1098 1351 1134 de
1369 1096 1505 1145 Aqvcct,
1531 1095 1613 1136 Lib.
1636 1095 1666 1133 Ῑ.

100 1152 136 1193 p.
149 1157 199 1193 9,
249 1146 314 1195 qvi
330 1157 419 1184 eunt
438 1155 471 1196 p.
492 1153 518 1192 8
544 1143 739 1193 describit,
790 1143 894 1193 qvod
913 1141 955 1183 fit
1057 1146 1249 1194 „qvinqve
1273 1145 1332 1185 vel
1350 1144 1415 1184 sex
1463 1148 1502 1194 a)
1552 1145 1669 1198 pedes

101 1193 289 1243 „longus3
340 1194 475 1246 crassus
496 1206 642 1244 autem,
702 1204 882 1244 qvantum
898 1192 1068 1232 hominis
1091 1194 1287 1246 amplexus
1343 1194 1389 1245 b)
1438 1195 1671 1235 concludere

104 1273 131 1293 „
160 1244 270 1289 offit3
321 1256 496 1285 caeterum
529 1245 655 1295 glaber
712 1244 732 1293 (
742 1255 855 1296 prout
878 1255 1013 1282 omnes
1034 1243 1279 1295 Physeteres)
1332 1258 1376 1284 ac
1393 1244 1468 1284 fine
1486 1247 1671 1296 sqvarnis,

104 1256 271 1343 „livente
290 1306 422 1346 tergo,
474 1306 604 1334 ventre
625 1292 829 1344 albicante,
866 1293 988 1332 rostro
1005 1296 1114 1333 tereti
1131 1325 1143 1344 ,
1201 1296 1306 1334 tenui
1324 1295 1548 1347 &oblongo
1565 1327 1577 1347 ‚
1627 1297 1669 1335 in

105 1345 270 1393 „anseris
287 1345 444 1384 modum
463 1358 474 1390 ;
523 1344 771 1395 qvamobrem
794 1345 927 1395 vulgus
947 1346 1133 1383 marinum
1159 1347 1325 1384 anserem
1346 1345 1505 1396 appellat
1520 1377 1533 1396 ,
1591 1347 1669 1394 Ογε

107 1395 149 1432 de
164 1406 260 1445 mer,
314 1393 415 1434 conf.
431 1394 559 1434 Bellon.
565 1393 698 1445 fingul.
719 1393 852 1444 observ.
875 1404 907 1443 p.
931 1395 1027 1432 161:
1081 1397 1224 1435 Dentes
1246 1394 1425 1434 Bellonius
1456 1397 1669 1435 numeravit

109 1445 193 1483 160.
294 1446 390 1483 Idem
409 1446 526 1484 redte:
628 1445 827 1495 „Fislulam
876 1445 982 1494 (uon
1004 1444 1179 1492 fistulas)
1229 1447 1328 1484 inter
1356 1445 1490 1485 oculos
1513 1459 1668 1497 gerere,

105 1505 201 1545 „per
217 1506 329 1543 qvam
350 1495 387 1534 ἀ
408 1500 534 1534 aerem
559 1495 738 1544 attrahat,
790 1495 826 1534 ἃ
848 1507 980 1543 aqvam
1004 1495 1147 1543 rejiciat
1165 1526 1176 1545 ,
1225 1505 1261 1545 p.
1290 1503 1338 1542 85
1387 1509 1465 1535 non
1486 1497 1668 1548 deceptus

107 1543 299 1595 duplicato
314 1543 421 1584 fonte
438 1547 476 1584 in
494 1543 649 1585 calvaria
663 1575 675 1593 ‚
726 1546 831 1594 cujus
850 1546 1032 1594 integram
1049 1547 1201 1584 tradidit
1218 1547 1375 1596 figuram
1400 1556 1434 1596 p.
1456 1559 1532 1598 14,-
1588 1549 1669 1585 Cat-

105 1605 230 1633 terum
262 1595 453 1646 palpebras
512 1597 551 1642 c)
614 1595 753 1634 habere
782 1597 955 1640 notavit,
1012 1595 1217 1634 &meatus
1236 1596 1285 1635 ad
1301 1595 1568 1645 audiendum,
1628 1599 1669 1636 in

106 1656 202 1693 qvos
221 1644 244 1682 li
261 1643 438 1684 festucam
454 1645 623 1696 adegeris
636 1675 646 1694 ‚
695 1647 868 1695 protinus
883 1657 951 1683 eos
969 1645 1015 1683 ad
1030 1646 1104 1684 offa
1123 1658 1248 1697 petrea
1264 1644 1427 1685 definere
1443 1648 1669 1698 comperies.

107 1695 208 1733 Raro
234 1694 445 1747 Delphinus
467 1697 506 1734 in
538 1697 632 1734 mari
657 1695 799 1733 Baltico
822 1706 978 1746 apparet
993 1725 1005 1743 ,
1055 1697 1235 1736 rariffime
1257 1696 1516 1746 Gedanerfitmi
1539 1698 1668 1737 littora

107 1743 278 1786 salutans.
336 1757 337 1760 ’
387 1745 521 1787 Fabula
542 1746 590 1786 de
603 1746 740 1786 Arione
756 1745 838 1784 satis
856 1757 944 1784 nota
962 1746 1031 1784 cst:

557 1869 634 1881 —-
685 1850 757 1889 Sed
780 1850 871 1900 qvid
891 1861 969 1889 non
986 1852 1125 1891 Graecia
1145 1849 1310 1889 mendax

560 1910 688 1951 Audet
711 1913 751 1951 in
768 1910 934 1951 historia.

1124 1976 1301 2019 'Ultimus'
1321 1976 1670 2018 DELPHACUM:

230 2080 261 2127 γε)
303 2076 367 2126 via.v
397 2081 424 2117 ς,
448 2043 552 2107 xxia.

232 2153 265 2188 b)
308 2151 379 2182 ibid,

234 2233 263 2264 c)
305 2231 381 2270 Qas
394 2226 569 2257 Rondelrtu‘us
584 2227 643 2258 Lib.
665 2235 721 2260 111.
745 2239 805 2269 cap.
827 2238 853 2260 2.
875 2237 902 2268 p.
917 2237 960 2267 47
982 2226 1113 2259 omnibus
1128 2227 1244 2270 piscibus
1259 2228 1394 2272 denega·t;
1437 2226 1556 2259 addens.-
1597 2228 1673 2268 qvod

315 2280 524 2321 „palpebrarum
540 2282 676 2311 deferflum
693 2293 800 2312 corneae
825 2282 924 2312 duritie
944 2283 1094 2322 pensaverit
1115 2291 1232 2316 natura.
1275 2295 1334 2324 qvae
1349 2283 1468 2325 undiqve
1491 2283 1606 2313 oculum
1618 2292 1675 2312 am-

316 2334 376 2368 bit,
417 2345 477 2366 non
493 2345 527 2366 ex
542 2335 653 2368 adverso
667 2337 772 2377 papilla:
788 2344 913 2369 tantum,
956 2343 987 2366 ut
1003 2338 1030 2366 in
1047 2336 1240 2372 hominibus„

912 2434 969 2474 *D
1447 2433 1674 2486 §.xxxnr
