2139 3022
435 209 544 249 PER
569 205 910 247 PULMONES
932 203 1357 249 SPIRANTIBUS.
1629 217 1678 258 ¹⁴3

215 310 440 352 BALAENAE
491 307 758 347 DENTATAE

1178 354 1296 407 Dorglb
1313 355 1393 397 laevi
1414 359 1576 408 apinnes.‘

414 405 576 459 explicat
592 436 604 456 ‚
652 404 778 444 ambas
802 405 957 456 apinnes
982 405 1156 445 dicimus.
1257 410 1368 448 Hanc
1397 409 1675 459 Zorgdragerus

413 469 463 504 42
479 456 652 495 dentibus
669 454 896 506 [implicibus
913 455 1104 506 praeditam
1120 454 1194 494 effe
1211 454 1337 496 refert.
1438 460 1575 498 Differt
1592 458 1674 507 qvi-

415 507 502 546 dem
519 507 641 557 capite
656 518 676 544 a
696 508 788 544 Cete
808 504 916 554 Clusti
931 535 944 554 ‚
994 504 1095 544 forte
1117 505 1367 547 nihilominus
1383 517 1509 548 tamen
1524 521 1594 548 una
1614 519 1676 546 ea·

413 557 574 605 demqve
589 556 639 595 est
660 568 748 594 cum
772 555 1015 605 praecedenti5
1069 556 1173 605 qvod
1195 556 1417 607 afiqvando,
1476 571 1566 598 cum
1588 556 1677 596 reli-

413 608 496 657 qvis
527 619 603 655 qvae
637 604 747 644 dubia
772 605 856 644 sunt
871 636 883 655 ‚
943 605 1024 644 dies
1047 604 1211 645 docebit.
1312 607 1537 648 Conferatur
1560 609 1678 647 Bour-

409 666 544 706 guetus
545 655 620 705 fitr
633 653 671 693 la
676 656 839 703 format.
861 657 922 693 des
931 653 1011 705 fils
1024 654 1067 693 ὃ*
1080 656 1141 693 des
1159 654 1349 705 crysteaux
1360 666 1395 706 p.
1413 670 1478 707 ιο,
1529 658 1596 697 ubi
1611 658 1680 696 de·

411 706 540 745 scribit
570 705 749 744 Balaenasn
778 705 968 744 dentatam
994 704 1109 744 dorso
1135 707 1264 757 apinni
1288 736 1301 755 ‚
1360 709 1399 745 in
1434 707 1513 748 finu
1552 710 1679 746 Vene-

412 757 550 794 tiarum
579 768 636 794 an.
669 767 765 806 1715
799 767 968 794 necatam
987 785 1000 805 ‚
1051 756 1156 803 cujus
1183 755 1314 794 dentes
1344 769 1431 795 cum
1464 757 1679 796 belemnitis

410 818 628 857 comparare
644 806 885 855 summopere
901 806 1021 845 studet
1037 818 1049 849 3
1100 804 1163 843 sed
1174 805 1305 847 videfis
1323 805 1433 857 Epist.
1450 806 1678 860 Cappellerii,

406 856 447 894 in
466 854 675 907 Sciagrapk.
691 854 823 896 Lithol.
839 855 979 906 curiqsic
998 864 1083 905 pag.
1103 867 1156 895 11.

1164 955 1282 1006 Dorsc'a
1306 956 1388 996 laevi
1407 958 1577 1007 pinnatae.

312 1017 346 1047 1.
372 1003 518 1045 Balaena
537 1007 675 1055 mcy'or,
725 1007 764 1044 in
784 1003 965 1045 inferiore
983 1015 1129 1045 tantum
1147 1007 1359 1046 mandibula
1380 1008 1550 1057 dentata,
1584 1006 1680 1046 den-'

406 1055 506 1094 tibus
528 1057 686 1095 arcuatis
706 1053 981 1095 falciformibus
998 1086 1009 1105 ,
1060 1057 1212 1106 pinnam
1238 1056 1301 1096 seu
1329 1059 1471 1109 spinam
1503 1060 1542 1096 in
1561 1056 1677 1097 dorio

407 1104 578 1154 habens,
661 1104 835 1145 Sibbaldi.
935 1108 994 1144 De
1026 1106 1215 1154 ejusmodi
1252 1107 1364 1146 dente
1387 1109 1460 1146 vid.
1498 1107 1606 1150 infra
1632 1109 1676 1157 ff,

406 1156 625 1195 XXXVI.
724 1158 862 1196 Artedo
882 1157 985 1196 audit
1001 1155 1176 1204 Phys-:ter
1191 1159 1293 1197 Imus
1315 1157 1465 1198 maxilla
1480 1157 1677 1210 superiore

410 1204 610 1256 longiore,
660 1207 775 1258 pinna
792 1207 903 1257 longa
921 1209 961 1246 in
985 1205 1113 1245 dorso.
1609 1210 1615 1216 “

308 1299 344 1328 2.
370 1287 504 1327 Μαῖαν
525 1288 798 1341 Nierembergii
856 1290 913 1337 a).
984 1288 1121 1328 Bal'aena
1144 1288 1428 1340 macroccphala
1455 1290 1679 1343 Tripinnis,'

410 1351 486 1387 qvae
509 1340 546 1376 in
568 1340 781 1380 mandibula
807 1339 987 1378 inferiore
1012 1339 1141 1377 dentes
1162 1339 1274 1378 habet
1301 1342 1426 1378 minus
1450 1341 1612 1380 inflexos
1638 1340 1677 1379 Gt

402 1389 443 1426 in
469 1388 622 1440 planum
646 1390 851 1429 desinentes
869 1421 880 1439 ‚
902 1392 909 1395 “
945 1387 1107 1428 Sibbaldi
1124 1403 1140 1431 2·
1202 1388 1360 1429 fistulam
1387 1388 1481 1429 infra
1506 1389 1678 1430 frontem

405 1436 531 1477 ferens
558 1469 571 1487 ‚
636 1440 795 1479 eredlam
825 1441 979 1491 pinnam
1009 1440 1048 1478 in
1083 1438 1214 1479 medio
1252 1439 1379 1490 dorfi,
1431 1441 1522 1489 Regii
1545 1450 1582 1492 p.
1604 1452 1672 1492 14.

403 1489 542 1527 Artedi
560 1488 736 1538 Physeter
752 1491 868 1530 ildus.

303 1581 340 1623 3.
363 1568 514 1610 Linclzii
526 1585 544 1613 5
596 1573 634 1610 in
653 1584 807 1623 uttaqve
825 1572 1037 1613 mandibula
1053 1571 1213 1611 dentata.
1313 1572 1500 1612 Dentibus
1517 1572 1556 1611 δι
1570 1572 1673 1612 fistu-

406 1620 450 1658 lis
468 1621 573 1659 valde
591 1622 765 1673 sul'pccfllis
782 1638 792 1667 3
841 1624 901 1662 his
919 1623 1071 1672 qvidem
1088 1623 1133 1660 ad
1151 1625 1267 1661 Nares
1286 1622 1589 1672 prominentibus
1615 1622 1671 1669 b.)

400 1671 523 1710 Deme
539 1670 687 1711 Linclzii
702 1674 847 1712 Balaenae
873 1673 1007 1713 fistulas
1034 1671 1224 1711 mirabiles
1245 1685 1287 1710 ac
1313 1673 1443 1712 dentes
1466 1674 1672 1724 superioris

399 1721 642 1771 mandibulae,
693 1723 730 1762 ἃ
745 1723 891 1763 colloca
911 1736 1047 1774 penem
1066 1722 1218 1761 deloco
1239 1723 1528 1772 praeternaturali
1550 1724 1588 1760 in
1611 1722 1670 1762 lo-

403 1783 492 1811 cum
507 1772 732 1823 naturalem,
781 1773 830 1814 fic
843 1773 999 1813 habebis
1018 1771 1236 1813 Maubachii
1249 1771 1413 1813 Cachelot
1429 1773 1453 1812 ss
1470 1770 1616 1822 Poffish.

474 1876 503 1907 a)
547 1875 615 1901 Αθιι
637 1878 709 1906 Nat,
726 1879 754 1902 C.
777 1877 808 1901 G.
831 1874 885 1901 Vel.
909 1879 963 1901 ΙΙΙ,
984 1882 1016 1911 p..
1034 1883 1064 1903 ε.

469 1946 500 1982 b)
544 1949 608 1980 Call.
628 1954 706 1979 Vrae.
731 1953 804 1978 Tent.
825 1952 957 1979 XXVII.
981 1957 1009 1987 p.
1031 1958 1091 1988 77.

1146 2038 1264 2089 Dorsb
1273 2039 1384 2090 gibbo
1405 2043 1560 2091 apinnis.

396 2087 548 2135 Dudlqji
565 2088 734 2139 Baliena,
781 2088 895 2128 dorso
912 2087 1053 2140 gibb03
1103 2087 1229 2129 fimilis
1247 2091 1415 2141 Balaenae,
1441 2105 1518 2141 qvae
1535 2095 1663 2131 Hum-

396 2137 467 2176 bak
491 2163 505 2170 -
523 2139 672 2178 VVhale.
785 2142 935 2190 Sperma
963 2141 1045 2178 Ceti
1073 2139 1241 2189 VVhale,
1294 2141 1476 2180 Ambram
1503 2143 1662 2192 griseam

394 2186 529 2227 ferens.
629 2192 760 2229 Trans.
792 2188 884 2228 Phil.
930 2188 1001 2228 Vol.
1031 2191 1258 2239 XXXIII.
1285 2193 1353 2230 No.
1382 2198 1477 2241 287.
1499 2202 1534 2241 p.
1562 2205 1582 2230 2
1582 2199 1659 2242 58.

395 2239 575 2287 Casparus
589 2241 821 2278 Nemnannus
836 2242 875 2278 in
890 2240 1054 2290 Dzsqvisi
1067 2242 1109 2278 de
1129 2239 1270 2279 Ambra
1278 2241 1427 2291 grisba,
1451 2241 1564 2281 hanc
1581 2255 1659 2281 non

393 2300 669 2328 recrementum
691 2290 870 2339 animale,
911 2291 973 2328 sed
989 2292 1163 2337 Bitumen
1180 2291 1273 2340 effe,
1308 2294 1484 2343 proxime
1504 2292 1550 2332 ad
1568 2294 1659 2331 Suc-

391 2339 522 2379 cinum
541 2340 742 2390 accedens,
781 2339 1057 2391 praegnantibus
1079 2342 1309 2391 argumentis
1329 2344 1504 2382 evincere
1522 2341 1656 2390 voluit.

1538 2406 1657 2458 Dorfi
