2139 3022
348 198 375 243 g
945 184 1023 225 DE
1052 182 1310 225 Aoni-ru

353 290 517 347 piscibus
533 289 702 337 canoris,
731 298 802 325 nec
818 296 895 326 non
911 286 1053 339 piscem
1069 283 1208 341 Hajulq,
1235 283 1298 331 qvi
1312 290 1441 333 captus
1462 281 1601 330 ejulare
1619 281 1803 337 (Nezthoffi
1823 287 1927 326 Chin.

352 355 388 395 p.
410 344 507 392 330.)
545 340 580 378 δι
603 340 822 389 Scorpium,
864 341 928 387 qvi
950 335 1077 375 Gallus
1108 345 1273 372 marmus
1298 332 1503 370 See-Halm
1529 333 1565 371 ἃ
1589 333 1763 383 gallulare
1791 339 1930 378 dicitur

359 396 582 433 imminente
600 388 829 440 tempestate.
866 388 941 427 vid.
962 383 1139 426 Micraelii
1155 386 1342 423 Pomeran.
1353 380 1434 421 Lib.
1455 383 1514 422 VI.
1534 382 1576 422 Εἴ
1598 382 1702 424 alios.

461 497 612 536 Auditis
635 498 758 544 itaqve
776 494 959 531 Virorum
975 441 1312 531 celegerrimorum
1332 487 1540 528 rationibus
1564 491 1604 528 in
1629 502 1825 542 utramqve
1847 507 1933 545 par.

360 561 440 589 tem
458 547 603 586 collatis
615 577 627 595 ,
653 543 841 596 perpenfis
855 556 1005 593 qvoqve
1024 541 1237 580 eorundem
1246 542 1284 578 T
1286 541 1493 578 estimoniis
1512 540 1559 578 de
1576 545 1846 593 experimentis
1857 547 1932 583 cir-

362 613 404 639 ca
429 597 614 637 Auditum
634 596 813 646 piscium,
839 595 877 632 in
897 593 1051 631 illorum
1070 592 1180 631 castra
1201 588 1414 639 tranfimus,
1441 591 1505 639 qvi
1522 590 1683 641 piscibus
1708 593 1854 632 sensum
1870 607 1935 633 au-

363 651 464 688 ditus
481 648 670 694 tribuunt,
696 645 810 694 idqve
826 656 874 683 co
891 642 1088 691 libentius,
1115 653 1192 690 qvo
1210 639 1440 692 probabilius
1458 639 1568 679 nobis
1586 642 1757 692 videtur,
1799 647 1935 694 Aqvae,

364 702 403 739 in
423 711 492 748 qva
509 698 650 748 degunt
667 697 806 745 pisces,
833 692 1069 732 intervallum
1092 691 1174 744 ipsis
1197 689 1307 728 nullo·
1317 690 1594 740 impedimento
1616 692 1688 731 effe
1707 694 1754 732 ad
1779 694 1936 733 audien·

365 751 480 794 dum,
507 751 597 797 qvin
616 747 763 796 pocius,
790 756 1015 794 argumento
1038 744 1237 793 delumpto
1256 740 1300 779 ab
1317 740 1495 790 homine,
1532 743 1596 790 qvi
1616 743 1727 781 sonos
1749 743 1936 794 verbaqve

364 803 404 840 in
431 796 615 848 contiguo
631 796 860 846 hypocausto
877 793 1145 832 intercedentia
1165 804 1231 842 per
1251 792 1432 842 parietem
1450 790 1578 829 audire
1597 805 1675 831 non
1701 793 1846 843 solum,
1874 794 1938 834 led

366 851 404 889 ἃ
422 849 631 899 intelligere
647 847 788 898 petest,
815 847 853 883 in
870 857 917 883 eo
937 843 1041 883 simul
1057 842 1328 881 confirmamur
1340 871 1351 890 ‚
1374 841 1493 879 Pilces
1508 854 1579 880 nec
1596 842 1762 882 obtufius
1790 847 1855 893 (ff.
1876 847 1935 893 7.)

367 901 517 948 audire,
551 910 663 948 qvam
680 896 818 945 reliqva
836 894 1028 942 animalia,
1056 893 1118 931 sed
1138 904 1239 941 aeqve
1267 890 1438 944 perfesto
1463 892 1613 941 auditu,
1665 891 1731 932 fibi
1755 898 1937 946 proprio,

367 950 545 1003 praeditos
571 947 665 996 esse,
701 960 743 986 ac
766 945 834 985 alia
860 944 1031 984 animalia
1058 940 1223 994 perfecie
1245 942 1413 981 audiunt.
1477 944 1576 980 Inter
1591 942 1669 982 haec
1683 942 1785 983 forte
1803 945 1939 984 dantur

367 1001 473 1053 plura
493 997 688 1046 surdastra,
715 1009 825 1046 qvam
844 996 940 1034 inter
955 996 1073 1046 pisces
1090 992 1255 1031 obtufius
1272 992 1476 1031 audientes.
1530 994 1657 1032 Nemo
1672 995 1756 1033 iane
1780 993 1938 1034 dixerit:

368 1051 490 1091 Pisces
517 1049 707 1099 (inprimis
734 1047 924 1095 ejusmodi
949 1043 1238 1094 Cartilagineos‚
1282 1054 1446 1091 qvorum
1472 1045 1607 1093 integri
1639 1044 1741 1083 oculi
1767 1044 1940 1096 fingulari

368 1100 606 1148 membrana,
634 1096 953 1145 licettcnuiffima‚
967 1092 1088 1143 claufi,
1100 1107 1156 1131 ex.
1170 1106 1223 1143 gr.
1235 1093 1392 1131 Galeum
1408 1093 1628 1132 Acanthiam
1643 1093 1714 1133 five
1724 1097 1941 1146 Spinacem)

370 1154 410 1191 in
432 1163 522 1200 aqva
540 1149 734 1196 obleurius
753 1147 902 1196 videre,
929 1145 987 1184 vel
1004 1157 1138 1183 omnes
1153 1143 1313 1182 debilius
1334 1141 1517 1192 olfacere,
1559 1157 1670 1194 qvam
1697 1145 1835 1194 reliqva
1860 1148 1940 1185 ani-

370 1201 481 1243 malia
501 1202 539 1238 in
556 1199 677 1238 libero
691 1203 788 1236 aere.
841 1196 964 1235 Pofito
983 1207 1130 1242 autem,
1164 1206 1242 1232 non
1257 1192 1453 1243 concesso,
1479 1193 1599 1244 pisces
1614 1194 1779 1234 obtufius
1797 1196 1941 1247 audire,

370 1254 586 1301 seqveretur
602 1261 750 1296 tamen,
786 1247 889 1296 qvod
907 1246 1067 1285 habeant
1086 1245 1235 1294 Organa
1254 1244 1402 1283 auditus
1415 1274 1426 1293 ‚
1468 1256 1686 1295 meatusqvc
1709 1246 1942 1296 auditorios,

372 1301 508 1353 qvibus
528 1297 780 1338 mediantibus
798 1309 926 1336 motus
944 1294 1126 1334 tremulus
1144 1294 1190 1332 ad
1207 1306 1366 1344 organa,
1392 1292 1450 1331 vel
1475 1293 1608 1332 debilis
1626 1296 1747 1333 sensus
1772 1296 1943 1346 auditus,

371 1354 586 1405 pertingere
614 1349 744 1401 poffir,
770 1347 858 1386 licet
874 1346 1097 1386 difficillime
1116 1356 1260 1383 meatus
1281 1346 1318 1382 in
1337 1345 1507 1396 plurimis
1523 1344 1685 1395 pilcibus
1704 1344 1770 1384 fint
1784 1346 1944 1386 demon-

373 1403 530 1450 flmndr,
558 1399 662 1449 qvod
688 1399 801 1449 longe
821 1399 904 1438 sunt
930 1395 1144 1437 subtiliores
1168 1394 1354 1435 meatibus
1386 1397 1551 1434 externis
1575 1397 1736 1447 pilcium
1760 1398 1944 1436 Cetaceo-

374 1466 461 1493 rum
478 1450 584 1491 valde
602 1449 812 1490 subtilibus.
1593 1451 1598 1454 '

477 1562 568 1598 Sunt
582 1567 756 1609 praeterca
768 1587 779 1605 ,
806 1553 940 1605 qvibus
958 1555 996 1593 in
1012 1503 1181 1593 m§entem
1196 1552 1318 1590 venit:
1346 1551 1466 1591 Pisces
1483 1564 1562 1591 non
1577 1551 1643 1592 nifi
1659 1552 1809 1592 exserto
1824 1555 1946 1606 capite

374 1612 415 1651 <St
434 1621 565 1661 aperto
585 1621 653 1646 ore
672 1618 838 1646 natantes
858 1606 1004 1653 audire,
1035 1604 1125 1642 dum
1146 1601 1238 1642 vero
1264 1603 1383 1652 capita
1405 1603 1631 1651 demittunt,
1681 1616 1770 1643 cum
1794 1607 1946 1654 reliqvis

377 1665 514 1701 sonum
530 1671 608 1697 non
624 1659 838 1709 percipere,
853 1655 1001 1704 illisqve
1017 1668 1060 1694 os
1074 1665 1244 1704 apertum
1255 1682 1267 1700 ‚
1296 1652 1525 1695 membranis
1549 1654 1662 1692 certis
1680 1654 1947 1704 mediantibus,

378 1711 469 1751 loco
488 1722 631 1749 meatus
649 1707 828 1747 auditorii
845 1705 936 1750 effe;
967 1703 1198 1757 probabilius
1220 1703 1324 1740 enim
1349 1702 1432 1753 ipsis
1465 1702 1635 1752 videtur,
1669 1704 1789 1754 pisces
1813 1716 1946 1753 aperto

377 1774 448 1802 ore
464 1772 568 1799 extra
585 1758 722 1808 undas,
748 1769 861 1807 qvam
876 1767 943 1807 per
970 1768 1097 1795 cutem
1119 1752 1142 1793 ὲ
1170 1751 1345 1792 lateribus
1369 1752 1519 1797 audire3
1561 1751 1657 1802 qvafi
1679 1751 1770 1793 vero
1800 1766 1815 1792 t
1841 1767 1946 1806 mpa-

375 1823 472 1852 -num
490 1810 722 1859 reliqvorum
737 1806 956 1847 animalium
973 1818 1052 1845 non
1075 1804 1115 1845 fit
1132 1815 1355 1846 cutaneum3
1397 1802 1456 1842 vel
1484 1801 1529 1845 (fi
1555 1804 1593 1842 in
1618 1816 1658 1841 re
1682 1804 1793 1843 ardua
1833 1805 1948 1844 udere

377 1863 486 1909 licet)
511 1859 608 1910 qvafi
624 1858 824 1899 surdorum
838 1856 924 1896 alias
942 1857 1102 1907 piscium
1115 1852 1285 1893 excubiis
1297 1852 1408 1892 nocie
1424 1851 1568 1902 divim,
1613 1854 1760 1892 exserto
1771 1857 1892 1905 eapite
1902 1868 1948 1893 o-

381 1924 496 1962 reqve
513 1921 666 1961 aperto,
693 1911 833 1948 Natura
848 1908 1032 1959 privative
1048 1904 1264 1945 facultatem
1280 1903 1476 1952 audiendi,
1509 1903 1556 1942 ad
1572 1904 1771 1943 modicum
1795 1916 1946 1956 tempo-.

381 1966 431 2003 ris
447 1963 605 2013 spatium
615 1959 847 2006 concesserit,
859 1957 1048 1996 utscilicet
1057 1954 1451 2002 Excubitores‚audita
1468 1954 1576 2002 hora,
1590 1966 1608 1992 a
1627 1954 1844 1993 stationibus
1857 1954 1950 1994 libe-

382 2014 455 2053 rari
472 2011 632 2064 possint,
658 2011 745 2060 qvi,
769 2008 796 2050 fi
810 2009 930 2060 capita
949 2007 1172 2055 demittunt,
1194 2003 1555 2044 facultateaudiendi
1568 2004 1691 2044 rursus
1700 2006 1950 2057 privarentur.

482 2127 589 2166 Circa
607 2120 859 2174 Lapillorum,
884 2119 957 2160 five
975 2071 1232 2160 Officglorum
1256 2121 1294 2157 in
1314 2119 1458 2158 Craniis
1478 2117 1637 2158 Piscium
1655 2131 1864 2170 eorumqve
1882 2134 1951 2162 nu.

382 2179 477 2220 meri
497 2174 840 2224 investigationem,
866 2171 1076 2222 periculum
1094 2170 1297 2218 faciemus,
1325 2182 1370 2208 an
1389 2170 1538 2218 Organa
1559 2169 1740 2219 Auditus,
1781 2174 1952 2211 Meatus-

383 2239 455 2279 qve
471 2227 700 2273 auditor-ios,
735 2223 987 2272 qvadantenus
1017 2224 1054 2260 in
1078 2221 1236 2260 clariore
1259 2220 1342 2258 luce
1364 2231 1555 2270 exponere
1577 2218 1787 2270 valcamus,
1816 2222 1950 2260 admo-

382 2282 474 2319 dum
494 2276 683 2322 cementi,
711 2272 823 2312 ficubi
844 2272 1023 2310 tentando
1038 2272 1201 2322 qva'dam
1224 2270 1496 2308 offenderimus
1515 2281 1591 2307 non
1617 2269 1725 2320 plane
1745 2270 1802 2308 vel
1830 2273 1953 2320 ingra-

383 2343 417 2370 ta
439 2326 641 2367 velnullius
655 2324 858 2366 momenti3
879 2322 981 2371 qvod
999 2321 1177 2373 lhpercffe
1193 2320 1324 2371 poffit,
1358 2322 1436 2364 iure
1453 2321 1663 2367 meritoqve
1675 2320 1954 2361 Peritiffimisin

381 2377 705 2421 Artchmtomica
724 2374 1034 2422 nobisqvenmgis
1068 2371 1225 2410 oculatis
1245 2371 1494 2420 indagandum
1525 2369 1788 2418 rclinqvemus.

1827 2421 1854 2457 ἃ
1875 2425 1953 2460 ΧΥ.
