2139 3022
434 231 542 271 PER
576 227 915 271 PULMONES
954 229 1369 273 SPIRANTIBUS.
1658 211 1686 285 '3

116 332 283 378 Sihbaldo
301 332 440 372 dicitur
466 331 676 381 Tripinnis,
711 342 816 369 nares
835 329 974 370 habens
993 344 1080 370 cum
1099 331 1218 371 rostro
1233 342 1346 371 acuto
1369 329 1439 370 &a
1541 330 1683 372 Balaena

114 386 230 427 fistula
252 383 394 436 duplici
417 384 455 420 in
474 380 620 430 fronte,
644 393 724 430 qvae
741 379 923 420 Sihbaldi:
949 383 1147 434 Tripinnis
1163 382 1355 422 maxillam
1372 380 1597 421 inferiorem
1617 395 1683 421 ro-

115 436 271 477 tundam
303 435 374 473 ὄις.
395 432 562 476 habens3
613 433 732 470 Porro
757 429 906 472 Linckii
921 445 934 470 .·
985 433 1023 479 a)
1073 431 1209 472 Balaena
1234 432 1361 472 fistulis
1381 434 1521 471 mirum
1538 434 1576 471 in
1596 445 1684 472 mo-

115 487 208 527 dum
224 485 270 524 ad
287 487 424 532 Nares,
457 483 565 521 instar
584 493 770 519 cornuum
789 481 1050 533 cochlearum,
1082 495 1159 532 qva:
1183 483 1298 534 vulgo
1318 481 1474 522 audiunt
1488 513 1499 531 ‚
1535 484 1683 534 promi-

116 536 318 580 nentibus;
370 533 406 572 ὅ(
426 533 550 584 plures
574 533 767 570 variorum
784 544 972 571 autorum.
1075 536 1186 572 Forte
1216 546 1347 585 praeter
1373 545 1508 572 eorum
1532 532 1684 584 culpam

115 585 308 638 ejusmodi
323 581 444 623 fistulae
466 582 780 634 praeterilaturales
799 582 932 621 talibus
950 582 1112 634 piscibus
1134 585 1336 636 inscriptae,
1359 583 1462 633 qvod
1479 583 1537 622 vel
1557 586 1685 623 minus

116 647 304 678 accuratas
324 633 421 672 nacli
437 633 519 671 sunt
535 632 690 683 figuras,
730 631 788 671 vel
805 632 940 671 frivole
959 633 1086 685 pid‘tas.
1189 635 1325 673 Forsan
1341 634 1378 673 ἀ
1398 631 1589 674 sibbaldus
1605 646 1686 674 non

117 686 287 740 vapulat,
335 683 359 723 fi
378 695 443 735 per
465 682 598 722 fistulas
615 681 846 733 duplicatum
863 681 1009 723 fontem
1032 683 1091 722 vel
1109 682 1301 736 duplicem
1318 683 1474 724 duflum
1494 683 1685 743 hydrago-

117 750 211 792 gum
232 738 270 774 in
287 736 416 773 cranio
432 733 630 784 indigitare
648 731 788 781 voluit,
840 735 879 771 in
898 735 1004 780 cuius
1030 733 1159 773 locum
1176 734 1238 774 alii
1261 734 1352 774 duas
1370 733 1506 774 fistulas
1527 746 1565 773 in
1585 737 1684 774 exti-

118 800 179 827 ma
194 795 297 839 parte
318 784 471 834 capitis,
497 795 622 821 cutem
645 782 844 834 dupliciter
865 782 1118 834 perforantes,
1156 785 1467 833 introduxerunt,
1505 783 1626 834 ficqve
1644 787 1684 824 in

118 834 275 877 notabili
296 833 428 871 verlati
444 834 524 871 sunt
547 844 696 876 errore;
747 833 784 871 ἃ
803 834 955 883 quidni?
1007 836 1043 872 Si
1064 836 1167 873 enirn
1183 834 1349 884 Balaenae,
1392 834 1480 874 alias
1495 833 1683 885 Finfifihe,

118 887 160 935 b)
237 883 402 923 {imiliter
426 880 667 933 Nordkaper‚
718 884 760 932 c)
836 897 884 922 ex
904 886 1080 923 omnium
1098 896 1273 923 autorum
1290 886 1458 924 unanimi
1482 886 1684 936 consensu,

119 939 200 977 imo
212 931 646 984 Delphacesve11>oreelli
664 933 800 971 marini
848 933 891 972 d>
944 933 981 972 δι
998 936 1108 986 piscis
1124 933 1307 974 Narwhal
1353 937 1396 980 e)
1448 936 1605 974 unicum
1623 934 1685 975 fo-

119 998 248 1026 ramen
272 987 310 1023 in
328 994 415 1023 cute
423 1013 436 1032 ,
480 984 530 1023 ast
555 982 785 1034 duplicatum
803 982 949 1022 fontem
966 983 1038 1023 five
1054 984 1188 1024 fistulas
1206 985 1295 1024 duas
1311 986 1350 1023 in
1370 986 1498 1023 cranio
1523 984 1685 1036 habent,

120 1035 264 1076 necesse
280 1034 351 1083 est,
403 1044 445 1072 ut
467 1032 728 1084 qvadruplices
759 1033 892 1072 fistulas
915 1034 1100 1086 supponas
1121 1037 1161 1074 in
1176 1037 1306 1074 cranio
1333 1033 1486 1073 illorum
1503 1035 1683 1086 piscium,

79 1106 93 1111 -
121 1090 282 1138 qvorum
301 1085 378 1124 duo
396 1083 560 1122 distinaa
576 1081 759 1121 foramina
778 1084 818 1121 in
835 1095 940 1132 cute,
992 1097 1060 1136 per
1076 1098 1153 1134 qvae
1177 1084 1406 1133 ejaculantur
1425 1097 1578 1134 aqvatn,
1620 1099 1685 1125 ur-

122 1143 231 1188 gere,
254 1133 314 1173 vel
331 1135 444 1173 etiam
468 1134 643 1183 Wormii,
693 1132 835 1183 Tulpii,
890 1131 1129 1173 Scheuchzeri
1144 1136 1180 1174 ἃ
1201 1135 1368 1187 plurium
1394 1146 1572 1174 autorum
1587 1136 1685 1186 figu-

123 1199 181 1226 ras
197 1186 299 1234 quvi
316 1183 408 1222 velis
421 1213 432 1232 ‚
475 1185 538 1233 qvi
554 1181 789 1222 Narwhalem
808 1181 952 1234 pictum
972 1184 1154 1224 exhibent
1175 1198 1223 1224 ex
1239 1184 1381 1224 duabus
1398 1184 1526 1223 fistulis
1551 1198 1687 1236 aqvam

125 1236 303 1276 distinctis
328 1232 441 1273 radiis
466 1234 724 1283 rejicientem,
758 1233 999 1282 (Valentinus
1015 1248 1063 1274 ex
1086 1235 1253 1285 tribus);r
1298 1234 1401 1284 qvod
1430 1245 1556 1274 tamen
1572 1249 1688 1275 nemo

124 1285 234 1326 facile
263 1282 484 1334 affirmabit,
533 1282 598 1321 nifi
625 1285 688 1332 qvi
715 1285 903 1331 ejusmodi
933 1285 1050 1336 pisces
1067 1285 1125 1323 vel
1144 1297 1278 1324 eorum
1301 1286 1453 1334 crania‚'
1495 1298 1565 1339 nec
1590 1287 1687 1326 vidit

127 1342 198 1375 nec
211 1334 433 1373 oblervavir-
512 1332 658 1371 Multos
675 1334 797 1381 itaqve
819 1332 1029 1373 fefellerunt
1047 1337 1170 1373 minus
1185 1347 1363 1374 accuratae
1377 1335 1499 1384 figurae
1514 1366 1526 1383 ‚
1551 1336 1687 1386 qvibus

127 1398 206 1425 non
236 1385 356 1423 {latim
387 1381 480 1420 fides
505 1382 622 1421 danda
646 1414 657 1432 ‚
719 1383 804 1422 alias
835 1385 870 1422 ἀ
900 1386 997 1434 apud
1022 1387 1142 1436 ipsum
1163 1383 1580 1436 Rondelett'umPrfflis‚
1630 1388 1689 1437 pi·-

127 1437 198 1474 {cis
211 1430 483 1480 Cartilagineus
497 1463 510 1483 ,
556 1445 644 1471 cum
670 1432 782 1471 fistula
809 1435 845 1471 in
865 1437 986 1484 capite
1007 1435 1127 1486 pichis
1142 1466 1153 1483 ‚
1206 1448 1299 1473 mox
1316 1435 1559 1485 degeneraret
1574 1438 1614 1476 in
1629 1438 1689 1489 pi-

127 1486 229 1525 scem
241 1485 428 1522 Cetaceum
440 1495 456 1524 ,·
505 1495 619 1532 qvem
635 1484 712 1533 iple
728 1483 956 1523 Rondeletius
985 1498 1057 1536 pro
1073 1485 1137 1524 tali
1153 1484 1297 1524 habuit.
1344 1484 1389 1535 f)

252 1589 281 1620 a)
325 1585 357 1613 In
379 1581 483 1611 eadee.
506 1581 622 1616 Vratt'sl,
652 1587 773 1614 Tentam,
804 1588 936 1614 XXVII.
961 1594 990 1624 p.
1018 1597 1069 1623 77.

254 1660 285 1694 b)
327 1657 391 1689 vid.
414 1656 559 1690 munao
581 1668 654 1690 neue
678 1655 919 1696 ῶεὸηῑᾶηοίΐώε
941 1659 1101 1702 &sebert-y¹
1115 1665 1185 1690 Pars
1205 1665 1242 1690 11.
1263 1669 1326 1700 cap.
1345 1665 1413 1692 VII.

254 1739 284 1770 c)
327 1735 395 1773 Kolb
426 1739 491 1773 Cap,
512 1738 543 1763 Β.
565 1732 625 1773 spe?
643 1743 673 1773 p,
690 1743 766 1765 201·-

257 1809 289 1846 d)
331 1807 392 1840 Vid.
415 1810 484 1840 infra
504 1812 530 1850 ς.
553 1813 669 1840 xxm:
693 1809 721 1840 δι
743 1812 772 1848 5.
793 1815 910 1842 xxm.
933 1808 965 1840 1·-
985 1810 1071 1846 mie.

259 1890 285 1926 Ι)
330 1884 392 1915 Vid.
414 1885 482 1915 infra
503 1887 528 1923 ς.
552 1891 618 1915 xx:

258 1959 286 1996 f)
327 1957 390 1989 Lib.
419 1966 468 1990 m.
489 1970 550 2001 cap,
583 1962 644 1991 κν.
686 1960 802 1992 aldrov.
824 1959 941 1992 decer),
953 1972 980 2002 p,
998 1965 1067 2000 ἄρ’.

237 2099 354 2140 Unde
375 2112 467 2139 vero
490 2098 744 2152 Ranae-letius,
793 2053 919 2154 &§qvi
934 2116 1023 2144 eum
1041 2102 1158 2144 secuti
1175 2103 1258 2145 sunt
1273 2135 1286 2155 ‚
1338 2105 1496 2145 relatum
1518 2106 1700 2157 habeant,

141 2150 271 2189 Orcam
292 2150 464 2188 dentibus
482 2149 562 2190 latis
584 2151 621 2190 ἃ
639 2151 784 2191 serratis
800 2154 1019 2194 infimatum.
1035 2153 1126 2204 effe,
1153 2169 1223 2196 nos
1245 2158 1406 2194 omnino
1424 2156 1522 2196 latet,
1608 2159 1700 2195 Vin-

142 2199 351 2239 dicabimus
373 2202 523 2247 Onam,
566 2200 744 2240 haetenus
763 2203 904 2253 piscem
920 2206 1141 2254 erraticum,
1197 2208 1235 2245 in
1251 2205 1442 2245 Familiam
1461 2206 1702 2257 Delphacunn

142 2263 254 2299 qvem
277 2247 478 2288 Theodorus
498 2250 644 2299 Hafieus
669 2253 958 2305 Leviathanem,
999 2256 1022 2292 i.
1043 2267 1077 2292 c.
1100 2254 1279 2295 Balaenam
1296 2268 1429 2295 omnes
1446 2257 1609 2307 reliqvos
1626 2270 1705 2296 ma-

144 2299 341 2349 gnitudine
362 2300 399 2339 ἃ
419 2298 625 2338 formidine
646 2301 684 2339 su
713 2314 878 2342 erantem
896 2336 907 2353 ‚
969 2304 1116 2350 statuit3
1182 2319 1253 2347 nec
1267 2306 1537 2348 obliviscemur
1557 2307 1704 2347 exhibi-

145 2351 292 2389 tionem
313 2350 429 2390 cranii
449 2350 485 2390 δι
503 2349 675 2399 dentium
719 2353 801 2401 ujus
822 2355 944 2406 piscis.

944 2457 1000 2495 *A
1029 2467 1051 2496 2
1605 2456 1634 2507 §.
1663 2457 1708 2495 V.
